2752 4754
483 240 888 306 ΔΗΒΟΟΕΜ-ΙΑ.
1181 257 1243 318 671

222 412 255 471 Ρ.
278 411 420 478 142614
444 418 493 479 1-7.
515 402 661 494 ἆφένσας]
685 402 814 519 σῖφὲνιερ
834 400 1005 476 Bavario'us.
1028 400 1143 501 raian„
1224 406 1227 411 ¹

222 494 253 554 Ρ.
277 495 379 563 tatas.
392 497 429 556 vi·
443 498 491 562 18.
514 496 654 581 οἴονται]
674 501 732 560 Pro
755 495 825 565 οἷον
842 511 877 564 σε·
900 502 966 581 lege
991 502 1125 566 elboren·
1145 525 1243 566 wons.

138 570 253 642 οἷόντε
269 581 398 658 Aldina,
417 583 550 643 Paulina.
567 588 670 655 ¹'reinna
696 617 700 626 =
756 612 762 623 =
830 658 834 663 ,
886 599 897 623 ·’
1106 645 1109 650 ,
1219 602 1238 665 ’χ’

222 667 253 725 Ρ.-
276 667 367 732 1425.
389 686 427 726 ο.
440 668 492 733 26.
512 663 685 749 θελήσητε]
712 669 884 730 lleklserus:
914 667 1098 753 »ἐθελήσητε
1121 674 1157 732 Y.
1185 675 1244 735 0.“

137 749 227 822 Quod
244 752 282 809 ob
298 752 475 811 antecedens
490 749 531 834 μή
547 768 634 812 aurea
652 755 769 814 Atticae
788 746 932 815 videntur
949 758 1105 836 respuisse.
1141 760 1245 840 Suepi⁴

138 856 191 894 cor
205 837 283 894 enim
303 834 363 895 lroc
382 835 417 896 in
430 836 556 898 verbum
576 840 676 898 valere
695 838 775 898 idem
791 840 872 920 quod
886 835 926 898 in‘
935 862 1105 920 pronomen
1120 843 1242 918 ἐκεῖνος.

137 940 295 983 samaras.
543 983 546 987 ,

220 1007 252 1063 Ρ.
277 1006 367 1071 1426.
388 1024 419 1066 v.
442 1011 472 1071 1.
494 1000 639 1088 σήμερον]
656 1000 790 1089 τήμερον
803 1008 976 1072 Bavaricus.
994 1031 1092 1073 arrsx.
1112 1005 1244 1097 τήμερον

135 1088 262 1168 Bellen.
286 1092 391 1151 Recte:
411 1099 455 1150 est
466 1091 547 1151 euim
563 1093 685 1153 dialecti
703 1093 958 1155 Demosthenicae.
982 1117 1151 1161 semensa..

222 1177 252 1233 P.
277 1176 367 1241 1426.
389 1195 418 1235 v.
440 1182 470 1242 2.
493 1177 540 1239 δεῖ
548 1179 653 1240 τοίνυν
661 1172 715 1258 -]
728 1179 849 1238 Scilicet
864 1179 917 1257 qui
930 1189 998 1238 ante
1009 1176 1242 1249 'Demosthenem

134 1258 227 1316 verba
245 1261 393 1337 fecerant,
415 1261 550 1339 neglectis
567 1283 600 1323 re
623 1283 698 1343 quae
713 1264 825 1342 agenda
840 1272 904 1323 erat
913 1308 923 1340 ,
945 1265 1058 1327 mutuis
1073 1287 1105 1326 se
1118 1288 1242 1328 accusa-

135 1342 279 1420 tionibus,
301 1342 353 1423 q'ui
367 1353 440 1404 tunc
453 1347 514 1406 fuit
527 1368 592 1406 mos
607 1358 776 1425 oratorum,
797 1357 884 1407 erant
893 1349 1042 1427 insectati.
1061 1373 1236 1417 sensuras..

218 1430 250 1488 Ρ.
274 1430 364 1496 1426.
387 1452 416 1491 v.
438 1435 468 1496 3.
489 1431 666 1516 προέσθαι]
710 1437 924 1495 accusationes
957 1435 1093 1496 abiicere.
1137 1438 1242 1498 Malim

133 1510 341 1595 ὑπερθέσθαι,
363 1513 502 1597 diffirre,
526 1521 560 1576 in
579 1517 672 1576 aliud
689 1529 808 1598 tempus
827 1522 956 1578 relicere.
978 1540 1078 1582 worn.
1110 1518 1241 1604 ιλιιερθὲ-

135 1606 209 1661 σθαι
226 1621 327 1679 margo
343 1601 518 1671 Lutatianae
534 1623 572 1662 ex
590 1602 691 1662 indice
712 1602 855 1681 Aldinae,
883 1605 954 1663 item
980 1626 1081 1684 margo
1100 1606 1241 1667 Bararioi

133 1703 205 1742 cum
219 1707 264 1767 γρ.
287 1706 384 1746 aaran.
406 1686 572 1747 Bekkerus:
594 1687 808 1768 ,,ιλπερθὲσθαι
822 1710 852 1749 v.
867 1697 897 1749 et
911 1714 957 1770 γρ.
971 1691 1005 1750 F.
1016 1693 1058 1752 ·Y.
1072 1692 1131 1766 Q.“
1161 1692 1240 1752 Satis

132 1769 249 1849 placet:
271 1780 305 1830 ut
318 1791 393 1849 quae
407 1782 573 1851 sequuntur
584 1774 647 1832 sint
661 1767 829 1856 ἕξργήιιιιᾶ.
849 1795 1009 1835 saumana.

218 1855 250 1914 Ρ.
274 1857 364 1922 1426.
386 1876 416 1914 v.
437 1860 467 1922 3.
489 1853 567 1920 καθ’
579 1851 672 1940 ιὅπου]
696 1871 803 1918 contra
826 1881 923 1938 quem.
956 1860 1060 1920 Malim
1078 1854 1184 1925 καθ’ἷὶ
1200 1883 1239 1937 τι,

126 1950 225 2017 prout
238 1943 340 2003 visum
348 1941 457 2018 fuerit.
479 1962 577 2002 wora.
604 1943 647 2002 Ne
661 1943 774 2003 audias.
795 1963 954 2004 sansures.

138 2028 140 2033 ’
217 2027 249 2085 P·
274 2024 367 2092 1426.
385 2046 416 2087 v.
437 2027 467 2092 5.
489 2026 568 2108 ἔχοι]
591 2025 651 2113 ἔχει
669 2047 770 2108 margo
792 2030 974 2090 Lutetiauae.
1000 2050 1096 2091 aaran.
1126 2024 1238 2090 Placet.
1321 2088 1325 2095 ,

130 2117 290 2170 acutarum
665 2130 669 2138 “

214 2197 248 2255 Ρ.
272 2195 363 2262 1426.
384 2215 414 2257 v·
436 2197 465 2262 5.
486 2190 730 2276 ἐπιφαινέσθω]
756 2190 985 2276 ιλιιοφαλνεσθαι
1013 2201 1095 2259 Paul.
1119 2207 1150 2258 et
1172 2198 1239 2258 Ma-

129 2289 196 2338 nat.
210 2275 259 2361 *),
281 2279 396 2340 sedhic
415 2302 482 2340 cum
500 2307 524 2345 ω
542 2302 634 2364 ευριπ
649 2248 783 2343 extrdna
797 2283 922 2363 syllaba.
940 2303 1040 2344 amsa.
1071 2277 1239 2362 αἰιοφαίνε-
1360 2336 1363 2347 .

129 2372 206 2428 σθαι
222 2365 348 2426 Bekker.
371 2386 537 2428 innurem·
983 2388 989 2406 ι

214 2447 246 2510 Ρ.
271 2451 363 2517 1426.
383 2468 413 2511 v:
435 2457 466 2516 6.
486 2458 549 2526 τοῖς
562 2444 795 2536 πεπραγμένοις]
815 2451 919 2512 Malim
936 2457 998 2516 ’τεῒν
1011 2459 1075 2528 τοῖς
1087 2477 1119 2516 π.
1140 2474 1237 2513 wonr.

128 2534 293 2595 Bavaricus
313 2535 464 2614 vulgatam
488 2536 625 2615 exhibet,
647 2538 701 2597 aed
721 2558 810 2616 super
822 2546 952 2617 utraque
966 2539 1177 2598 terminatione
1193 2563 1239 2614 οις

128 2619 183 2678 dat
198 2643 251 2696 ων,
271 2628 307 2680 ut
320 2620 361 2698 sit
375 2624 437 2684 soto
454 2621 681 2705 πεπραγμένων.
698 2640 800 2682 aaran.
830 2622 892 2701 Ego
913 2623 993 2683 idem
1009 2624 1092 2703 quod
1110 2624 1239 2684 Wolfiue

127 2704 240 2765 malim.
261 2726 421 2766 suasurus.
487 2750 504 2756 .-
537 2738 540 2745 ·
594 2719 597 2724 ’
644 2745 648 2776 ;
709 2750 716 2791 ·.
960 2766 962 2771 .
1031 2774 1033 2779 ,
1149 2749 1153 2755 ·

137 2836 140 2840 .
213 2791 246 2851 Ρ.
270 2792 363 2861 1426.
384 2812 415 2851 r.
438 2797 467 2858 7.
489 2790 689 2873 προτίθεται]
711 2790 904 2873 conciudatur
924 2793 1059 2853 Paulina.
1080 2809 1182 2855 aaran
1211 2794 1238 2856 0

128 2876 237 2934 miram
252 2876 517 2956 importunamque
533 2878 721 2958 περιεργίαν,
745 2877 831 2936 cuius
854 2875 998 2954 pudenda
1018 2881 1153 2959 exempla
1169 2900 1240 2941 cum

128 2960 202 3020 alibi
211 2969 275 3020 tum
289 2961 327 3018 ad
340 2981 371 3039 p.
382 2961 473 3034 1419,
484 2965 514 3026 3.
527 2962 620 3037 1424,
628 2968 679 3029 20.
689 2962 830 3022 vidimuss
853 2962 937 3019 Talia
952 2963 1238 3037 enotareFisclreros
1333 2966 1339 2975 '

128 3055 159 3104 et
170 3045 364 3106 Findcisenos
381 3046 512 3122 decebat,
526 3044 687 3106 dedecebat
701 3046 852 3107 Rciakios:
867 3046 1014 3127 doleoque
1026 3048 1137 3109 bonam
1150 3049 1238 3110 char-

126 3129 189 3190 tam
207 3129 293 3211 perdi
308 3126 487 3211 repetendis.
530 3132 588 3191 Sed
602 3130 751 3192 inlabere
768 3128 830 3191 lioc
842 3126 933 3191 taedii
948 3133 1122 3213 plenissimo
1139 3135 1237 3194 omnia

127 3215 202 3276 mihi
217 3216 402 3276 corrodenda
422 3218 548 3289 fuerunt
557 3265 566 3294 ‚
587 3236 626 3276 ne
644 3217 711 3297 quis
723 3216 760 3278 de
775 3217 882 3277 fraude
895 3217 975 3277 facta
991 3229 1236 3299 conquereretur.

126 3320 288 3362 susurras.
437 3342 439 3347 -
506 3348 509 3353 .
575 3325 577 3329 ·
839 3318 842 3327 “

213 3389 245 3447 Ρ.
270 3387 361 3452 1426.
382 3407 412 3448 v.
435 3393 485 3453 10.
506 3381 689 3488 πειράσομαι
705 3384 761 3468 μὲν
782 3381 1110 3470 φαλάξασθιιι]·Ριιλς.
1131 3383 1243 3472 παρά-ι

128 3489 220 3553 oopus
234 3469 440 3552 φυλάξασθαι.
461 3475 534 3534 Post
543 3486 729 3553 πειρασσριαι
742 3472 828 3532 addit
837 3474 999 3535 Bavaricue
1016 3466 1081 3555 pti.
1103 3476 1238 3535 Eandem

126 3558 308 3638 particulam
323 3557 409 3621 addit
422 3554 524 3637 margo
540 3557 713 3619 Lutetiaaaa
728 3558 797 3636 post
806 3555 1022 3635 φυλάξασθαι.
1047 3560 1119 3621 Dedi
1133 3553 1247 3641 παρή·ι

128 3663 218 3722 σομαι
239 3641 294 3723 μὲν
316 3637 521 3720 φυλάξασθαι.
540 3660 640 3703 aaran.
666 3642 769 3703 Malim
784 3638 839 3723 μὲν
854 3644 989 3723 positum
1009 3655 1084 3726 post·
1100 3640 1253 3724 ostam.-

127 3735 211 3804 σθαι.
233 3748 391 3788 santerna.
515 3768 519 3775 -
562 3768 566 3777 ‚

211 3813 243 3872 Ρ.
265 3806 357 3880 1426.
379 3832 409 3873 v.
432 3812 481 3878 15.
504 3806 603 3892 adcor]
634 3805 686 3891 [ον’
703 3804 876 3897 rdlob'rai.
897 3832 995 3879 ποτε.
1024 3814 1118 3895 vulg.
1133 3808 1172 3880 aii
1191 3810 1241 3883 ad..

127 3897 252 3956 Correxi
268 3893 357 3960 adsto.
378 3917 473 3958 narem
581 3940 585 3947 ,
617 3964 620 3970 ¹
711 3964 713 3969 ,
1220 3976 1224 3983 ¹

210 3982 242 4041 Ρ.
266 3982 358 4047 1426.
380 4003 409 4042 v.
433 3986 482 4048 18.
504 3981 709 4060 φιλονεικίαν]
732 3981 930 4043 Scribendum
946 4004 1009 4045 esse
1024 3986 1131 4065 φιλίαν
1146 3995 1243 4044 ante-¹

127 4065 264 4125 cedentia
279 4067 370 4145 satia,
393 4065 517 4148 opinor,
540 4067 715 4130 ostendunt.
735 4071 926 4148 peterentur
937 4080 968 4131 et
987 4071 1092 4150 φιλίαν
1106 4071 1235 4131 conlun-

125 4241 335 4256 m

167 4341 191 4410 *)
209 4343 386 4429 Scribeadum
395 4339 498 4416 videtur
514 4346 615 4399 Bavar.
634 4361 773 4400 enatares·
880 4358 894 4365 ''
