2700 4718
12 178 26 253 ?
96 208 152 272 ,8⁸
252 152 255 157 ’
474 195 845 262 sunorsrronrs
966 230 972 239 -

109 371 259 436 vocsbnlo
280 367 405 450 August.
424 368 551 452 primus.
571 368 612 430 Et
626 366 672 431 sic
687 366 817 430 correxi.
843 366 942 429 Etiam
953 386 985 430 τ.
998 372 1031 437 8.
1050 322 1116 451 pro
1134 367 1234 459 δίωτφ

111 458 341 541 δοάὶῖκαδίσκῳ.
361 477 458 517 αιτιοι.
1097 478 1107 489 ·

198 566 230 625 Ρ.
253 562 345 630 1058.
365 584 396 624 v.
418 569 448 630 8.
469 561 622 627 καδίσκων
638 553 799 644 τεττάρων]
828 556 892 641 [καὶ
912 558 1026 624 δίσκων
1047 556 1232 645 τεττάρων]

35 694 62 721 -,
113 652 189 710 Cum
210 659 397 713 accusatores
421 655 442 713 4
463 647 576 706 suerint
591 654 622 705 et
635 666 695 704 una
718 665 768 706 res
792 645 919 725 mulier,
947 645 1096 707 videntur
1113 650 1138 716 6
1153 649 1233 709 disci
1270 654 1276 663 '

113 735 247 818 ponendi
261 735 360 795 fuisse.
382 733 535 812 Scriptum
552 731 687 792 fortassis
704 741 750 790 est
768 724 794 793 δ’
809 751 867 812 pro
882 729 912 793 i:
933 729 994 791 nisi
1012 733 1096 793 forte
1111 733 1179 794 duo
1194 752 1234 794 ex

10 847 14 855 ¹
114 820 175 880 illis
196 839 235 878 ex
251 822 387 899 professo
404 816 560 876 coniuncti
574 816 696 876 suerint.
718 835 816 876 wonr.
837 810 985 898 τεττάρων
1002 816 1137 898 reliqui,
1161 820 1234 901 quie

116 906 232 964 codices
248 904 424 979 servabunt,
447 921 625 981 quemquem
639 902 800 961 delendum
814 901 953 963 arbitror.
981 902 1051 962 Nou
1068 903 1159 965 enim
1173 905 1233 967 uisi

67 1022 72 1028 ·
117 992 177 1050 duo
193 990 305 1049 cedisci
316 987 521 1069 ponebantur,
544 987 620 1045 alter
634 1007 691 1067 pro
707 985 901 1066 Theopompo
914 988 1058 1067 petitore,
1079 990 1166 1053 alter
1175 1010 1232 1073 pro

116 1076 255 1148 muliere,
277 1070 359 1131 unde
373 1072 537 1151 petebatur.
559 1071 623 1130 Nisi
636 1072 680 1132 sic
697 1072 838 1130 volumus
852 1072 1005 1150 vulgatum
1017 1073 1234 1155 interpreten-

117 1163 157 1219 do
172 1157 267 1232 tueri,
289 1166 324 1216 ut
335 1156 463 1234 tianius,
481 1157 515 1214 in
526 1157 628 1236 priore
645 1155 764 1216 actious
779 1156 854 1216 duos
869 1177 933 1216 esse
944 1158 1059 1239 positos
1077 1160 1233 1239 csdiseos,
1280 1232 1282 1239 Ι

22 1246 29 1261 “
118 1254 149 1303 et
161 1262 265 1302 rursus
276 1241 401 1301 totidem
419 1242 452 1301 in
466 1242 640 1322 posteriore.
665 1242 775 1301 Petitur
797 1242 837 1301 ed
857 1244 943 1322 Legg.
964 1244 1027 1304 An.
1046 1264 1080 1325 p.
1100 1250 1184 1314 428.
1206 1255 1234 1307 et

119 1326 254 1389 Valesius
267 1327 288 1388 l.
307 1348 333 1390 c·
351 1327 460 1387 volunt
478 1324 575 1390 πέντε.
596 1325 656 1385 Sed
672 1327 758 1387 nullo
770 1328 861 1388 modo
875 1337 948 1388 sunt
960 1329 1116 1391 audiente
1129 1350 1234 1397 nm

204 1457 237 1516 Ρ.
260 1457 352 1522 1058.
374 1477 404 1517 ν.
426 1456 456 1521 5.
479 1453 512 1517 ἓν
533 1448 690 1536 άλλήλοις]
719 1454 810 1535 Vuig.
841 1450 988 1537 άλίήλοις.
1023 1456 1056 1520 ίν
1077 1452 1235 1541 ἱάλλήλοτς

91 1539 97 1550 “
120 1539 246 1619 August.
265 1543 391 1623 primus.
425 1539 678 1622 Praepositionem
699 1539 812 1601 addidi.
834 1561 934 1605 ουτοι.
962 1542 1082 1605 Delevit
1101 1542 1235 1607 Bekker.

122 1644 281 1686 sewen.
355 1673 358 1678 .
959 1644 963 1653 “

209 1733 241 1791 Ρ.
264 1730 357 1799 1058.
379 1750 410 1790 v.
431 1735 461 1797 6.
483 1698 579 1814 πάγοι]
593 1730 693 1815 ἔτυχεν
703 1733 875 1797 Bevaricus.
889 1753 985 1795 seret.
1005 1711 1139 1816 Recepit
1152 1736 1236 1803 Bek-

121 1817 187 1876 ker.
209 1835 367 1876 somnne.
516 1818 520 1825 '
980 1828 986 1837 “
1155 1824 1159 1829 ’

208 1923 240 1983 Ρ.
263 1924 356 1990 1058.
376 1940 407 1982 v.
428 1925 459 1987 7·
484 1915 610 2006 ὀλίγαις]
633 1918 730 2007 δλίγατ
744 1923 868 2001 August.
882 1927 1008 2007 primus.
1030 1947 1132 1989 estex.
1152 1928 1238 1990 Bek-

123 2009 229 2069 kerus:
252 2004 371 2091 ,,ὄλίγαι
389 2016 542 2068 correctus
563 2010 614 2067 S.“
636 2009 670 2070 V.
693 2018 756 2070 not.
778 2032 858 2093 sequ.
879 2033 1039 2072 sumeret.

209 2117 242 2176 Ρ.
265 2117 358 2180 1058.
379 2134 408 2174 v.
429 2120 461 2182 7.
480 2109 514 2194 ἢ]
536 2114 623 2175 Prius
636 2109 753 2196 debeat
765 2118 801 2176 ab
823 2118 948 2198 August
958 2116 1067 2200 primo.
1081 2139 1187 2197 ωτι.
1207 2121 1241 2183 F.

126 2199 177 2263 noi
200 2202 305 2279 ψῆφον
326 2192 423 2279 ὄλίγαι
444 2193 528 2262 πάνυ
553 2199 689 2280 ἐγίνοντο
710 2203 832 2277 πλείους
847 2203 882 2267 ίν
896 2211 939 2289 τῷ
956 2239 996 2251 --
1011 2209 1065 2284 τῆς
1081 2202 1264 2285 γυναικάα·

52 2368 54 2373 ,
127 2285 170 2342 Ut
184 2279 207 2363 τ]
222 2281 320 2364 τρισίν
333 2276 355 2363 ν]
371 2280 523 2366 τέτταρσιν
538 2284 578 2344 ad
592 2278 707 2368 δίίγακς
723 2288 909 2369 adscriptum
926 2309 942 2349 e
956 2289 1091 2369 margine
1105 2288 1241 2374 irrepse-

4 2442 11 2451 .
127 2369 178 2431 rit.
201 2378 358 2429 eumenen.
424 2438 429 2447 ¹

214 2477 248 2535 P.
271 2478 363 2542 1058.
384 2495 415 2534 v.
436 2481 467 2544 8.
488 2476 633 2563 καδίσκῳ]
654 2479 741 2557 Vulg.
755 2477 857 2568 δίσκρτ.
879 2481 1011 2568 καδίσκῳ
1026 2479 1244 2566 Auguscpria

128 2579 205 2621 snus.
227 2580 326 2620 mex.
346 2561 383 2621 V.
404 2569 469 2628 not,
490 2563 529 2620 ad
549 2581 579 2622 v.
602 2569 631 2629 3.
656 2584 814 2626 souuerse.

90 2674 95 2681 '
178 2683 199 2699 ··
215 2664 247 2725 Ρ.
272 2668 363 2733 1058.
384 2687 414 2729 ν.
438 2673 488 2732 10.
509 2671 603 2730 ταῦτα
617 2702 660 2717 -
676 2670 832 2752 δικασταί]
854 2675 962 2750 ταῦτα,
984 2663 1135 2756 οἶάνδρες
1157 2677 1244 2743 tim·

132 2737 224 2828 σταί,
237 2742 278 2832 ἦν
292 2748 329 2814 τά
345 2751 518 2835 πραχθέντα
536 2753 661 2813 Beklter.
683 2775 842 2819 somnne.

216 2860 248 2919 P.
272 2862 365 2927 1053.
384 2879 415 2921 v-
439 2866 488 2926 18.
510 2861 644 2943 εἰσῆγον]
661 2848 1125 2945 eiosiyuybv.Bavoricue-un1src
1140 2826 1245 2928 'Recte

133 2938 295 3027 εἰσήγαγον
307 2944 432 3004 Bekker.
453 2946 490 3008 V.
511 2969 542 3030 p.
567 2949 659 3027 1054,
685 2954 723 3031 1.,
737 2947 914 3009 'ubieadem
932 2957 976 3008 est
993 2948 1150 3011 diversitas
1161 2953 1243 3017 scri·

133 3039 250 3111 pturec.
272 3052 430 3092 corneres.
732 3070 735 3075 ·
1170 3062 1185 3077 ⁸

220 3137 253 3194 P.
277 3141 378 3204 1058..
390 3159 420 3199 v.
444 3143 494 3205 13.
517 3134 683 3220 φράτορας]
715 3141 787 3216 Sic,
809 3162 872 3201 non
894 3137 1059 3222 φράτερας,
1087 3103 1150 3200 boc
1172 3113 1243 3215 loco

138 3219 304 3298 ceterisque
324 3221 465 3303 deinceps
480 3223 570 3282 etiarn
586 3223 729 3303 netues-n
752 3224 825 3284 item
840 3227 873 3284 iu
886 3227 1062 3287 Eubulidca.
1083 3247 1244 3317 sounnrpu.

222 3327 255 3385 Ρ.
280 3330 371 3392 1058.
394 3348 423 3387 κ.
448 3333 497 3396 18.
517 3327 647 3410 Ἁγνίου]
663 3324 855 3409 Εὐβουλίδου
870 3333 1037 3412 legendum.
1049 3347 1153 3395 κνοω.
1173 3334 1245 3397 Nou

138 3411 293 3472 assentior.
316 3412 388 3484 ¹Sed
408 3413 573 3472 videndum
591 3435 629 3472 ne
650 3416 731 3493 quod
756 3419 892 3497 nequitur
919 3415 1110 3500 Εὐβουλίδην
1130 3422 1245 3483 mutari

140 3505 278 3577 oportent
297 3495 329 3553 in
351 3494 403 3557 καί
420 3503 476 3559 τοῦ
490 3493 694 3579 Εὐβουλίδου.
717 3503 801 3562 Gonf.
822 3524 853 3584 p.
877 3506 968 3582 1054,
994 3511 1022 3569 1.
1044 3524 1202 3567 scuscrrn.

226 3602 260 3661 P.
285 3607 374 3667 1053.
395 3623 426 3662 v.
450 3607 499 3670 15.
521 3604 660 3687 τουτονὶ]
690 3608 811 3670 τουτουὶ
833 3608 957 3688 August.
977 3612 1111 3692 primus,
1140 3630 1265 3692 margo·

99 3724 104 3733 ·
140 3686 325 3745 Luteticnue.
354 3707 452 3747 nour.
480 3690 600 3753 τουτουὶ
622 3691 734 3752 habent
752 3695 814 3753 MS.
835 3696 999 3774 Augusten.
1021 3695 1109 3775 prim.
1140 3717 1244 3776 mergo

141 3762 188 3829 c'd.
210 3772 307 3832 Lutet.
329 3782 359 3831 et
378 3773 462 3847 ,eliac
483 3775 641 3835 editiones:
664 3787 693 3836 et
715 3781 854 3858 profecto
874 3781 917 3840 ite
936 3781 1102 3858 legendum.
1124 3781 1246 3865 εἰσῆγον

143 3851 282 3929 εἰς’τοάς
306 3851 461 3939 φράτορας
484 3855 556 3931 τοάς
573 3858 693 3944 Ἁγνίου
714 3857 928 3944 Εάβουλίδην,
948 3863 1008 3937 τόν,
1016 3867 1110 3928 παῖδα
1124 3865 1247 3947 τουτουὶ

144 3931 253 4017 (huius
276 3942 443 4002 Eubulidas
458 3944 648 4022 posterioris,
671 3946 802 4023 Hagniae
818 3967 856 4005 cx
879 3948 941 4006 filia
957 3951 1093 4030 nepotis,
1117 3951 1247 4012 Eubuli-

35 4040 38 4045 ·
144 4023 200 4081 doe
222 4023 333 4102 prioris
359 4046 397 4084 ex
413 4025 519 4106 11110),
557 4027 590 4092 ἐκ
616 4035 672 4111 τῆς
696 4027 850 4112 θνγατρδς
875 4029 948 4096 ὄντα
969 4041 1023 4116 τῆς
1051 4035 1169 4099 ἐκείνου
1178 4084 1188 4114 ,
1218 4050 1266 4100 κ.“

144 4119 177 4169 τ.
191 4113 216 4169 λ.
244 4109 407 4170 Eubulidos
433 4112 555 4172 ultimus
583 4115 635 4172 vel·
661 4115 767 4174 tertius
797 4117 964 4179 Eubulidas
983 4120 1156 4200 posterioris
1182 4123 1247 4183 sive

146 4194 269 4252 secundi
293 4203 331 4255 et
351 4217 443 4276 nepos
472 4218 511 4264 cx
530 4197 593 4256 fitia
623 4208 653 4257 et
681 4199 763 4258 filius
778 4200 954 4287 ·edoptivus
984 4215 1055 4264 eret.
1099 4225 1247 4269 susurrus

147 4279 245 4365 Diui<2
272 4280 399 4342 (tassio.
426 4284 502 4345 LIX.
532 4305 564 4363 p.
594 4289 665 4349 111.
692 4285 811 4363 Sesgeri
834 4285 959 4351 τουτουὶ
985 4290 1179 4367 praeferentis
1200 4314 1249 4355 cc-
