2752 4754
63 254 79 356 ’Χ
127 227 189 330 ιιι
276 320 287 330 „
492 263 866 331 ιιιιιοιιιιοιιιι

125 431 210 534 pium
228 431 319 512 paulo
339 442 410 513 post
431 432 567 512 sequitur
586 455 617 493 v
640 438 691 500 23.
708 405 854 517 δοθέντος
875 436 981 498 τοίνυν
1008 438 1063 498 rod
1088 427 1279 541 deyvotevy‘

15 565 22 583 .
126 511 245 588 τοιλιου.
267 537 365 576 aroer.
396 514 478 581 τάτε
494 513 692 582 α’ναλειθέντα
713 539 814 597 margo
831 520 1015 581 Lutetiauae.
1027 515 1185 580 Voluit’
1162 545 1237 583 ανα-

126 601 264 665 λοιθὲντα
280 603 360 679 dare,
374 612 410 661 ut
424 612 470 662 est
485 603 519 662 in
536 603 674 682 August.
674 605 774 701 primo
790 613 820 664 et
833 604 988 669 indicibus
1003 605 1130 665 Aldinae
1146 615 1236 685 atque

126 688 283 762 Paulinae,
306 687 376 746 item
390 687 423 744 iu
437 688 570 767 margine
589 684 758 750 Bavarici.
758 684 894 772 γνολριμολ
914 713 945 754 τι
963 689 1122 770 ληφθέντα
1136 693 1234 752 Bave-
1312 736 1314 740 ι

126 773 216 860 riensi
238 768 275 832 cd
290 795 322 832 τε
339 765 538 852 α’νιιληφθένι
503 799 559 836 ντα
572 775 665 835 index
678 775 831 852 Lambini,
855 775 909 855 qui
927 775 971 835 sic
990 776 1111 836 videtur
1125 776 1234 837 vitium

126 854 268 935 marginis
297 858 472 929 Lutetianae
493 859 641 938 corrigere
668 861 818 936 voluisse,
849 861 902 920 sed
924 862 1018 921 altero
1038 861 1116 920 vitio
1139 863 1234 923 assuit.

126 945 198 1001 Tain
213 942 370 1022 ληφθέντα
383 965 473 1022 quam
491 941 689 1009 dealbatam
704 947 783 1005 bene
791 946 897 1023 habet,
919 947 969 1005 sed
990 946 1109 1006 diverso
1133 948 1234 1006 modo.
1241 983 1243 988 -

125 1023 163 1089 τολ
182 1027 340 1135 ληφθέντα
360 1040 432 1094 suist
445 1031 492 1088 illi
514 1032 616 1108 numi,
637 1052 712 1110 quos
731 1025 881 1092 debitords
898 1033 1039 1091 auferunt
1051 1053 1068 1090 a
1081 1031 1234 1097 credenti-

124 1109 198 1190 bus,
222 1122 251 1172 et
272 1110 309 1175 ed
327 1115 452 1177 τεθέντα
473 1137 539 1173 carui
560 1117 614 1174 illo
636 1117 838 1220 coarapositum
860 1117 1008 1194 significat
1028 1117 1166 1197 pignora
1175 1138 1273 1198 pro:

72 1221 75 1231 ¹
125 1158 423 1280 cauiieneopposita.
454 1201 614 1262 Verumre
607 1195 823 1265 ολναλοιθένια
839 1212 909 1261 sunt
924 1202 1010 1261 nurui
1029 1218 1163 1262 emensa
1182 1223 1233 1262 ar·
1248 1259 1257 1264 .

14 1321 46 1358 ·„
77 1290 81 1295 “
124 1283 258 1364 genteria
280 1285 408 1375 erogati,
430 1286 570 1370 expensi.
599 1297 665 1346 tum
685 1296 786 1345 autem
800 1311 837 1349 τα
830 1282 983 1353 τεθέντα
996 1297 1068 1348 sunt
1091 1288 1180 1362 numi
1197 1289 1235 1347 ab

125 1369 192 1429 aliis
208 1391 327 1429 mensae
333 1367 450 1429 crediti
467 1366 599 1431 foenoris
612 1369 771 1431 exercendi
787 1391 865 1449 ergo.
888 1368 1054 1452 λαμβάνειν
1068 1382 1113 1432 est
1131 1349 1235 1431 tollere
1309 1370 1312 1374 ’

98 1458 286 1547 pecuniam
307 1465 337 1513 et
357 1466 521 1536 usurpatur
543 1458 580 1516 de
602 1477 654 1532 eo,
676 1458 729 1535 qui
749 1477 798 1515 aes
817 1457 948 1515 alienum
964 1467 1102 1520 mutuum
1119 1458 1235 1537 accipit

44 1564 53 1616 4
124 1550 215 1625 atque
228 1533 325 1599 debet
346 1541 383 1600 V.
404 1562 434 1601 v.
456 1549 507 1607 27.
529 1551 607 1623 etp.
630 1537 774 1618 11966.
790 1547 847 1608 22.
868 1562 965 1603 aaran.
983 1543 1069 1601 Haec
1083 1544 1234 1621 quomode

34 1623 42 1705 .
97 1699 100 1704 .
124 1608 254 1730 intelligi
269 1635 410 1705 oporteat
425 1627 534 1686 docent
549 1619 794 1686 antecedentia
769 1651 813 1688 οιν
825 1650 856 1688 τε
867 1621 1089 1701 tettan-eg
1099 1632 1232 1735 τιθηται.

32 1715 58 1771 ’.
124 1707 162 1772 ed
184 1712 372 1804 ληφθέντα,
378 1732 455 1810 ‘quae
474 1721 660 1792 accerserunt
682 1721 785 1777 ιιιιιιιιιι
812 1711 960 1771 debitores
980 1732 1115 1772 mansuer
1136 1736 1174 1775 τα
1189 1736 1233 1776 τε
1320 1740 1329 1765 τ

94 1806 95 1811 ’
124 1795 229 1873 θέντα,
245 1817 322 1874 quae
334 1789 401 1875 quis
416 1817 549 1856 mensae
547 1797 675 1857 tradidit
691 1818 708 1854 a
725 1797 872 1855 mensurio
887 1797 1096 1877 dispensanda.
1118 1792 1234 1860 ολναλοι-

123 1878 220 1943 θέντα
243 1881 338 1941 habeo
364 1904 422 1962 pro
451 1881 566 1941 scholio
590 1881 674 1941 ellito
702 1882 851 1963 genuinae
869 1882 1037 1962 scripturae
1067 1882 1233 1963 ληφθεντα.

123 1968 265 2025 Potuerat
280 1967 366 2026 etiam
385 1967 517 2030 δοθέντα
529 1967 624 2027 altini.
653 1967 776 2025 Scilicet
789 1961 1023 2029 ολναλοιθένται.
1037 1965 1167 2030 δοθέντα
1181 1969 1232 2027 di-

124 2059 250 2128 cuntur,
273 2052 299 2110 si
320 2053 501 2112 mensurium
523 2053 648 2129 cogites:
666 2051 868 2131 ληφθέντα,
867 2052 893 2110 si
915 2053 1090 2114 debitorem.
1113 2053 1232 2114 Verna-

45 2139 48 2144 ’
124 2138 193 2197 cule
205 2147 306 2197 vertas
324 2136 428 2197 Credet
440 2136 516 2196 und
521 2138 618 2197 Debet
633 2135 686 2226 ιλιι
703 2133 804 2196 Bank.
825 2157 983 2197 sensurus.

31 2275 35 2287 ·
106 2269 108 2272 ⁴
207 2247 241 2306 Ρ.
265 2237 357 2317 1186
377 2267 408 2305 ι.
431 2251 481 2312 10.
503 2269 594 2342 προς
603 2239 675 2335 rede
696 2235 877 2326 λογισμούς]
907 2245 1058 2304 rationum
1079 2266 1164 2324 ergo,
1195 2256 1234 2307 ut

55 2359 58 2362 ·
111 2329 254 2417 ¹rationes
270 2332 350 2391 bene
366 2330 497 2390 habeant
511 2339 541 2389 et
553 2330 633 2388 anter
650 2348 680 2386 se
695 2336 849 2407 constent
870 2348 1030 2421 usurarum
1044 2337 1193 2412 puteat
1165 2352 1232 2412 pe

64 2460 83 2509 .'
123 2412 297 2504 ceniarum,
320 2437 388 2490 cuin
408 2437 424 2474 a
429 2414 626 2474 debitoribus
646 2412 821 2473 redduntur.
841 2414 943 2475 aaran.

16 2560 18 2564 .
46 2557 55 2563 -
170 2524 242 2582 Ρ.
267 2527 358 2589 1186.
381 2545 411 2583 ι.
435 2530 484 2592 10
506 2519 776 2603 Σωκρατίδουμλ.
800 2520 920 2613 Corsici
939 2521 1017 2582 Post.
1040 2522 1159 2586 Att.'P.

9 2661 28 2722 ἲ..
123 2608 349 2688 p.2.Oly'n1p.
373 2610 688 2692 Cl.anno}.as1s1c.
726 2640 730 2655 .

210 2716 243 2774 P.
266 2717 356 2781 1186
378 2736 409 2786 ιι.
434 2720 482 2781 11.
503 2706 684 2796 γαρ]ιλλιιιιι
696 2710 732 2769 ab
745 2710 869 2789 August
883 2711 989 2790 primo.
1011 2732 1107 2772 aaran
1128 2523 1240 2790 Reclte,¹

20 2797 45 2807 ”
99 2800 160 2858 'ut
183 2797 303 2880 opinor.
332 2802 467 2861 Placeret
486 2800 640 2874 additum,
664 2795 781 2855 sihaec
800 2796 901 2854 statim
923 2817 952 2855 v.
972 2797 1002 2863 5.
1026 2808 1232 2876 sequerentur.

47 2910 49 2914 ’
124 2885 211 2944 Nunc
234 2885 345 2944 inserta
370 2887 439 2963 ille,
470 2878 617 2968 θαυμάσῃ
643 2881 676 2944 δὲ
695 2880 859 2962 μηθελς-
873 2877 951 2965 πρὸς
965 2877 1037 2954 eade
1057 2878 1232 2963 λογισμούς,

58 2982 86 3051 η’
124 2971 232 3030 seriem
247 2971 406 3079 orationis
409 2972 451 3030 ita
466 2971 701 3050 interruperunt,
716 2976 753 3025 ut
764 2987 858 3046 ipsius
870 2965 1052 3026 narrationis
1070 2967 1248 3028 exordium
1294 2996 1300 3011 ι

123 3053 357 3135 particulam
318 3081 375 3139 γαρ
390 3055 815 3136 aegreadmittat.sc11aerua.
876 3104 881 3116 ,

209 3164 243 3225 Ρ.
268 3167 357 3229 1186.
378 3186 408 3224 ι.
433 3161 482 3231 11.
504 3149 610 3244 μηνός]
633 3159 909 3219 AbeataPaulina.
931 3170 1027 3218 uersu.
1046 3111 1060 3128 θ
1089 3183 1093 3189 ·

168 3271 243 3332 P.
265 3275 366 3344 1186.
378 3289 408 3330 ιι.
432 3272 480 3338 11
501 3262 694 3365 τιλνιλσιερον
712 3263 864 3345 ἔκπλουν]
875 3267 1009 3346 Respicit
1018 3267 1077 3326 hoc
1093 3269 1130 3327 ad
1147 3269 1234 3349 palo·
1263 3252 1265 3256 ,
1291 3273 1297 3279 ’

54 3373 59 3384 ·
124 3370 189 3415 rem
207 3354 288 3416 eius
297 3354 454 3430 ἔκπλουν,
476 3353 535 3431 qui
554 3351 694 3411 incidit
684 3373 716 3410 ιιι
742 3371 855 3410 annum
882 3353 1003 3437 Olymp.
1026 3353 1070 3413 CI.
1093 3355 1139 3430 5.,
1168 3376 1232 3434 quo
1349 3364 1351 3372 ’

9 3437 11 3441 ’
86 3491 95 3507 .-
125 3441 299 3512 Timotheus
328 3436 578 3499 Lacedaemonios
601 3438 637 3496 ad
623 3436 801 3538 Leucada
819 3438 935 3518 proelio
956 3439 1059 3499 navali
1080 3440 1164 3516 aicit.
1196 3440 1233 3500 V.
1310 3476 1314 3483 =

124 3527 287 3611 Simeonus
300 3527 392 3587 adA.
413 3525 454 3585 Μ.
472 3528 566 3590 3629
588 3541 684 3584 1³1³ssss-

113 3651 114 3655 ¹
208 3634 241 3692 P
266 3621 357 3699 1186.
378 3652 408 3690 ιι.
429 3634 481 3698 13.
504 3623 664 3714 ἀργυρίου,
685 3622 884 3711 προσιλθολν]
914 3625 1047 3704 Medium
1064 3629 1140 3692 καλ
1122 3639 1234 3691 anter-

87 3707 197 3792 faerit
210 3717 338 3797 August.
350 3716 473 3796 primus.
494 3735 615 3775 aaran.

210 3826 242 3885 P
267 3828 364 3891 1186.
380 3842 411 3881 ιι.
414 3821 488 3887 15
507 3815 620 3908 αιλιιλν]
650 3832 685 3880 ut
707 3823 752 3897 is,
783 3795 868 3878 Paiio
892 3829 973 3899 puta.
1005 3819 1107 3878 Malim
1129 3822 1242 3883 tamen

67 3957 70 3964 .
124 3909 223 3997 adegi,
246 3910 323 3984 sibi,
345 3901 512 3966 Timotheo
516 3915 609 3987 puta,
632 3913 667 3966 ut
685 3899 775 3983 etiarn
795 3905 827 3964 in
849 3905 983 3982 margine
998 3905 1172 3964 Lutetianae
1187 3917 1246 3966 eat=

123 4005 308 4062 armotatum.
329 4011 429 4060 uersu.
450 3991 485 4050 V.
498 4001 561 4060 not.
553 4013 659 4071 sequ.
674 3985 768 4054 αιλιόν
786 4011 851 4049 ιιοιι
864 3948 1052 4078 ιιιιιλιιιιιλιιιιι.
1072 4010 1231 4052 senseras.
1292 4058 1295 4062 ,

97 4139 100 4145 «
208 4080 244 4163 Ρ.
265 4105 355 4168 1186
379 4110 410 4158 ι’.
433 4097 482 4164 15.
505 4097 630 4178 χρῆσαι]
660 4098 773 4158 Posth.
787 4119 817 4160 v.
833 4099 903 4161 adda
916 4101 987 4159 vult
1005 4098 1103 4162 taor
1078 4122 1102 4181 φ
1126 4096 1276 4181 margo

122 4176 294 4250 Lutetianae
308 4206 324 4245 e
340 4185 513 4245 coniectura
531 4183 642 4255 Wolfii.
662 4203 759 4243 aaran
787 4182 875 4245 Addi
885 4206 947 4246 neu
962 4205 1046 4319 opus.
1070 4161 1104 4242 V.
1122 4203 1155 4246 v.
1178 4185 1231 4252 25.

45 4285 58 4310 ⁴
124 4281 314 4333 sensurus.
375 4318 380 4324 -
430 4284 434 4291 '

184 4359 240 4420 P
248 4339 355 4439 1166
376 4375 406 4425 ι.
430 4301 479 4421 15.
497 4343 734 4495 maneam]
743 4346 1072 4436 Ριι13.ιιινιήιιοντα
1085 4349 1280 4506 ιληαχμιλς.
