2752 4754
151 246 215 310 762
307 302 312 313 ,
378 239 603 319 ADDENDA
630 239 687 301 ΕΤ
716 234 1037 302 CORRIGENDA.

32 449 35 453 -
149 411 281 471 nitimm
301 410 455 490 repetiisse
475 432 536 470 non
555 409 727 479 videantur.
767 410 812 470 cf.
828 409 892 469 ind.
911 428 1011 469 meum
1024 409 1064 469 ud
1078 406 1200 487 Dionys.
1212 408 1246 467 In

150 517 180 557 v.
200 498 336 557 Ceterum
351 491 425 570 rarle
440 491 585 571 εἰωθότας
598 516 695 576 neque
713 498 843 555 seniores
862 496 1012 573 intelligas
1026 514 1097 554 cum
1117 493 1245 553 scholia-

151 591 197 643 sta
212 592 241 641 et
256 580 377 656 Wolfio,
399 601 495 659 neque
510 578 582 655 rosia
592 575 780 666 συνηγόρους
795 601 864 639 cum
879 580 1045 658 llildigero:
1067 599 1138 639 nam
1151 578 1187 637 de
1199 577 1245 637 his

150 686 225 746 quae
240 665 355 726 Petitus
369 676 554 725 commentus
570 676 634 725 erat
650 666 723 725 satis
738 666 883 726 refutarit
897 664 1034 724 Schoem.
1052 665 1073 724 l.
1093 664 1115 723 l.
1130 684 1161 744 p.
1177 668 1246 729 107.
1284 704 1287 709 -

150 771 203 810 ss:
224 750 275 810 sed
292 751 416 819 omnino
440 752 490 810 eos'
504 752 558 832 qui
574 761 649 812 tunc
663 751 808 832 temporis
831 751 913 831 apud
928 749 1122 811 Athenienses
1142 750 1246 809 dare-

148 836 203 895 bus
224 836 355 917 publicis
375 837 465 896 verba
483 838 580 896 Iacere
596 830 733 897 solerent.
769 837 833 896 Hos
848 834 1061 895 Demosthenes
1075 854 1146 894 cum
1163 832 1246 892 simi-

147 922 188 980 lia
200 930 291 1000 atque
307 930 391 980 antea
399 967 408 998 ,
429 922 450 982 i.
464 943 489 981 e.
503 923 684 1002 reipublicae
703 922 870 1002 perniciosa
885 921 918 980 in
932 921 1065 980 medIum
1075 920 1245 1001 prolaturos

148 1027 210 1066 esse
225 1008 422 1085 praevideret,
444 1028 507 1067 non
521 1007 756 1088 exspectandum
769 1007 859 1066 duxit
871 1007 968 1066 donec
981 1006 1028 1064 iIIi
1040 1013 1245 1086 perorassent:

148 1092 230 1169 quod
242 1111 272 1150 se
290 1094 439 1152 facturum
455 1092 546 1152 fuisse
561 1093 726 1171 significat,
739 1094 774 1152 si
790 1093 827 1152 de
845 1111 879 1151 re
893 1113 973 1151 nora
986 1084 1122 1170 ageretur
1135 1090 1172 1149 de
1189 1109 1246 1168 qua

116 1172 216 1235 ‘lillos
237 1177 330 1235 nullis
350 1179 421 1236 dum
438 1178 667 1258 praeconceptis
686 1177 892 1258 opinionibus,
914 1178 997 1235 nulla
1014 1175 1094 1236 lucri
1114 1195 1167 1254 spe
1188 1175 1245 1232 du-

20 1335 22 1339 ,
146 1270 212 1320 ctos
230 1263 354 1321 fortasse
376 1282 446 1322 vera
467 1272 496 1320 et
511 1264 651 1323 salutaria
667 1284 806 1324 suasuros
824 1282 887 1323 esse
900 1261 1016 1341 sperari
1028 1262 1157 1321 liceret.-
1176 1259 1245 1318 Fal-

144 1346 254 1407 luntur
275 1349 354 1406 enim
373 1346 411 1406 Η.
431 1347 557 1408 Wolfius
573 1358 603 1407 et
623 1349 789 1426 liudigerus
810 1348 883 1426 legis
902 1348 939 1406 ab
953 1345 1101 1406 Aeschine
1122 1365 1148 1418 c.
1171 1345 1245 1405 Ctes.

144 1429 175 1511 5.
191 1439 221 1510 2.
240 1442 418 1493 memoratae
433 1443 519 1492 metu
536 1433 764 1494 Demosthenem
785 1433 860 1493 haec
882 1432 992 1495 dixisse
1010 1430 1133 1511 opinati.
1170 1430 1246 1491 Nam

145 1536 180 1577 ea
201 1517 317 1576 dudum
335 1517 474 1596 abrogata
490 1528 554 1578 erat
567 1538 622 1599 per
638 1519 871 1579 desuetudinem.
908 1518 960 1577 cf..
973 1515 1109 1577 Schoem.
1127 1515 1149 1574 I.
1170 1515 1192 1575 l.
1215 1534 1245 1593 p.

147 1601 218 1668 104.
234 1623 273 1662 ss.
286 1635 329 1651 -··
349 1603 399 1661 'Ad
413 1598 537 1684 γνώμην
559 1625 598 1663 ne
613 1605 774 1664 amiculum
796 1603 929 1663 additum
947 1602 1098 1680 requiras,
1120 1620 1151 1660 v.
1173 1616 1245 1679 quae
1366 1635 1369 1649 ·

14 1680 19 1689 Χ
125 1687 252 1752 ,monui
267 1688 305 1746 ad
319 1687 561 1767 Xenopb.Anab.
577 1689 600 1762 I,
623 1694 653 1766 6,
675 1696 705 1757 9.
725 1699 824 1768 atque,
845 1686 1114 1749 utaxoratoribus
1128 1684 1275 1763 aliquot·
1365 1720 1368 1739 .

145 1773 282 1853 exempla
295 1773 452 1848 adiiciam,
473 1773 555 1835 Dcm.
568 1775 648 1852 XIII,
671 1779 721 1840 11.
739 1796 770 1855 p.
794 1778 865 1840 169.
896 1772 1004 1847 XVIII,
1027 1775 1098 1838 189.
1119 1791 1151 1850 p.
1174 1773 1244 1835 291.
1365 1770 1368 1777 ’

145 1858 239 1932 ΧΙΧ,
270 1858 340 1923 156.
369 1878 400 1937 p.
420 1863 501 1924 390.
522 1859 628 1918 Aesch.
650 1881 676 1918 c.
699 1861 778 1921 Ctes.
795 1857 826 1940 §.
848 1865 878 1924 2.
921 1858 957 1917 In
981 1856 1084 1917 eadem
1111 1855 1244 1914 oratione
1333 1854 1367 1925 „³

144 1941 176 2022 ς.
200 1950 228 2010 1.
249 1976 293 1990 -·
311 1943 415 2003 licebit
435 1943 515 2002 euim
532 1943 585 2004 hic
608 1945 779 2024 paullulum
799 1944 905 2005 itinere
927 1943 1069 2003 decedere
1086 1972 1130 1989 --
1150 1938 1245 1998 miror

144 2027 275 2089 Dekkeri
289 2037 318 2086 et
331 2027 441 2113 Bremii
453 2029 554 2107 crisin,
571 2031 624 2110 qui
638 2051 695 2110 pro
716 2026 857 2111 δεύτερον
870 2027 918 2104 δέ,
940 2028 1024 2108 quod
1035 2023 1244 2105 frequentissi-

144 2131 194 2173 mo
210 2113 437 2192 corruptionum
448 2134 555 2192 genere
570 2135 608 2175 ex
621 2112 652 2194 6.
666 2122 696 2182 2.
704 2161 712 2192 ,
737 2115 791 2175 ubi
804 2115 915 2177 iterum
929 2114 1048 2192 legitur,
1071 2117 1171 2172 ortum
1190 2118 1243 2187 est,

145 2196 245 2261 lusam
266 2191 407 2279 δεύτερον
431 2220 494 2259 non
515 2200 694 2281 receperint.
714 2232 757 2246 -
784 2198 930 2280 Deinceps
951 2196 1152 2272 indicativum
1172 2186 1243 2257 α’πε-

140 2276 284 2362 φηναντο
305 2284 438 2343 Platonis
453 2284 520 2344 Ioco
539 2285 629 2347 allato
646 2285 780 2346 illustrat
795 2282 901 2345 Mattb.
918 2284 970 2344 Gr.
984 2283 1057 2344 min.
1072 2279 1104 2362 0.
1121 2281 1194 2349 522.
1213 2299 1243 2361 p.

146 2370 219 2437 688.
262 2369 316 2428 Est
331 2367 405 2427 haee
422 2371 567 2448 quaedam
586 2371 742 2448 attractio,
765 2371 850 2430 cuius
862 2369 989 2429 similem
1003 2376 1074 2450 post
1083 2365 1243 2427 relativum

143 2451 234 2512 babes
254 2453 338 2529 VIII,
362 2458 390 2519 1.
413 2476 443 2534 p
457 2461 508 2523 90.
528 2455 570 2516 in.
597 2488 639 2523 ·÷·
668 2456 751 2531 Quae
773 2454 1011 2535 sequituraltera
1032 2450 1243 2512 conditionalis

146 2537 314 2599 enuntiatio
335 2538 386 2597 hic
409 2540 452 2597 ita
470 2541 649 2619 explicanda
664 2541 765 2600 rideri
781 2541 897 2623 possit,
918 2549 954 2599 ut
967 2547 1115 2601 statuatur
1133 2535 1242 2617 prioris

144 2619 640 2770 rrumtenuntur
658 2624 784 2770 ‘ten
795 2621 1035 2776 tarr
1051 2619 1243 2776 {utu

48 2870 52 2877 Ι
113 2818 117 2825 ·
146 2793 175 2855 εἰ
189 2729 275 2854 iadr’
295 2730 515 2874 ἀμφότερ’ρῆν,
537 2797 566 2858 εἰ
581 2793 623 2876 μη“
646 2730 800 2877 elpptaoi
817 2795 891 2876 alpia
908 2731 1065 2878 ηζγούμηιν,
1088 2788 1176 2856 εἶπον
1191 2788 1239 2854 ἄν.

93 2922 104 2945 ,
143 2877 267 2961 Diversa
281 2889 324 2976 est
338 2899 370 2936 ea
391 2880 478 2976 ¹ratio,
493 2901 551 2959 qua
566 2881 659 2965 altera
674 2881 883 2941 conditionalis
897 2880 1061 2940 enuntiatio
1080 2877 1169 2939 alteri
1187 2897 1241 2958 per

142 2963 1241 3131 llltltllltllllll.ttltltldtlllllittll:

114 3134 187 3201 SCI.
204 3135 319 3193 Platon.
336 3135 453 3211 Protag.
468 3156 497 3213 p.
515 3139 586 3202 311.
602 3136 631 3195 b.
648 3135 748 3216 ibique
762 3137 921 3198 Heindorf.
943 3147 973 3196 et
990 3132 1132 3214 Xenoph.
1147 3132 1241 3193 Anab.

140 3219 192 3289 ΙΙΙ,
212 3226 242 3294 2,
258 3223 309 3285 31.
333 3228 362 3277 et
382 3239 454 3298 quae
473 3219 512 3278 ad
526 3219 557 3279 b.
570 3222 591 3279 1.
608 3223 739 3283 contulit
753 3224 988 3284 Bornemaunus.
1002 3254 1046 3269 --
1066 3220 1160 3281 Paulo
1172 3228 1242 3299 post
1258 3286 1262 3293 .

141 3306 194 3367 καί
207 3314 276 3363 ante
292 3298 384 3376 αὐτός
404 3305 553 3364 alleiskio
567 3308 739 3366 restitutum
759 3329 826 3368 cum
845 3309 974 3387 Augerio
994 3305 1105 3366 delerit
1119 3304 1242 3367 Bekre-

140 3410 203 3466 rus,
225 3390 309 3468 quod
326 3388 431 3448 merito
446 3389 597 3469 improbat
609 3391 793 3454 Sebaeferus.
821 3395 896 3453 Nam
908 3403 944 3453 ut
957 3392 996 3452 ad
1009 3411 1131 3453 sensum
1144 3390 1242 3470 aptis·

141 3474 250 3549 simum
266 3483 322 3550 est,
343 3473 402 3550 ita,
419 3474 445 3532 si
466 3475 579 3552 deleas,
601 3478 697 3536 solum
716 3473 806 3552 adesir
822 3479 969 3557 insignem
983 3477 1135 3556 quandam
1154 3497 1241 3535 arro-

140 3559 270 3639 gantiam
284 3559 460 3641 prodiderit.
496 3560 602 3641 Inepts
615 3572 716 3623 tamen
731 3563 895 3642 liudigerus
909 3564 947 3622 ad
961 3562 1013 3626 καὶ
1029 3566 1148 3644 πρῶτος
1159 3560 1240 3640 quod

141 3646 278 3724 sequitur
293 3654 447 3724 provocat.
488 3645 564 3705 Nam
577 3645 637 3707 hoc
655 3650 708 3710 καί
725 3670 794 3709 cum
809 3650 864 3708 iIIo
877 3649 962 3708 nrrlla
981 3647 1099 3708 ratione
1114 3646 1241 3705 coniun-

140 3740 224 3790 ctum
247 3740 291 3790 est
307 3729 525 3809 significatque:
547 3733 612 3809 vel,
634 3731 719 3794 adeo.
754 3735 799 3793 cf.
818 3735 856 3794 ad
878 3734 971 3794 Anab.
992 3733 1034 3810 V,
1058 3733 1098 3807 4,
1120 3738 1173 3799 29·
1197 3762 1241 3780 ···

139 3815 287 3896 Deinceps
312 3809 494 3879 driusandan
517 3826 624 3877 notum
655 3829 700 3893 est
720 3819 824 3879 eodem
846 3820 937 3880 modo
962 3818 1078 3877 dictum
1095 3837 1159 3877 esse
1179 3836 1239 3895 quo

139 3901 220 4043 llll
237 3901 357 4051 'iili
373 3898 1239 4049 -tttillllt‘lltnltltltllltttllttt?

140 4089 191 4129 cos
207 4067 267 4150 (cI.
283 4071 321 4128 ad
336 4029 446 4130 Anah?
452 4071 488 4143 V,
513 4076 562 4149 10,
585 4071 634 4153 5.)
656 4073 689 4132 in
705 4074 899 4135 concionibus
911 4073 1036 4149 sedisse,
1058 4071 1093 4136 iv
1105 4077 1173 4145 ταῖς
1192 4071 1238 4134 ἐκ·

138 4155 275 4233 κλησίαις
290 4148 441 4235 ἐκάθηντο
458 4155 576 4236 (XVIII,
601 4163 671 4224 191.
692 4180 722 4239 p.
739 4165 814 4227 292.
837 4160 885 4235 el,
906 4169 943 4220 ut
957 4159 1053 4218 multa
1069 4157 1129 4217 alia
1145 4156 1240 4215 omit-

105 4240 108 4249 '
139 4247 211 4314 tam,
233 4239 385 4320 Aristopb.
402 4241 516 4320 Equitt.
530 4239 626 4323 788).
647 4243 751 4323 Itaque
764 4245 818 4324 qui
832 4245 923 4306 verba
938 4248 1073 4306 facturus
1092 4236 1239 4304 oratrici·

139 4334 193 4403 στη
207 4322 325 4405 (xv111‚
348 4329 417 4393 170.
438 4346 470 4407 p·
484 4328 557 4396 285.
578 4329 663 4407 XIX,
688 4333 736 4397 13.
758 4339 789 4390 et
810 4331 859 4398 15.
879 4325 1239 4413 03400001).ῶο
