<?xml version="1.0" encoding="UTF-8"?>
<!DOCTYPE html PUBLIC "-//W3C//DTD XHTML 1.0 Transitional//EN"
    "http://www.w3.org/TR/xhtml1/DTD/xhtml1-transitional.dtd">
<html xmlns="http://www.w3.org/1999/xhtml" xml:lang="en" lang="en">
 <head>
  <title>
</title>
<meta http-equiv="Content-Type" content="text/html;charset=utf-8" />
  <meta name='ocr-system' content='tesseract 3.04.00' />
  <meta name='ocr-capabilities' content='ocr_page ocr_carea ocr_par ocr_line ocrx_word'/>
</head>
<body>
  <div class='ocr_page' id='page_1' title='image "./demosthenisquae03schgoog_0560.png"; bbox 0 0 2752 4754; ppageno 0'>
   <div class='ocr_carea' id='block_1_1' title="bbox 354 238 1251 329">
    <p class='ocr_par' dir='ltr' id='par_1_1' title="bbox 354 238 1251 329">
     <span class='ocr_line' id='line_1_1' title="bbox 354 238 1251 329; baseline 0.011 -27"><span class='ocrx_word' id='word_1_1' title='bbox 354 240 414 302; x_wconf 76' lang='lat' dir='ltr'><strong>Au</strong></span> <span class='ocrx_word' id='word_1_2' title='bbox 436 238 573 329; x_wconf 74' lang='lat' dir='ltr'><strong>ORAT.</strong></span> <span class='ocrx_word' id='word_1_3' title='bbox 595 239 786 313; x_wconf 69' lang='lat' dir='ltr'><strong>currui</strong></span> <span class='ocrx_word' id='word_1_4' title='bbox 807 240 1041 306; x_wconf 79' lang='lat' dir='ltr'><strong>NEAERAM.</strong></span> <span class='ocrx_word' id='word_1_5' title='bbox 1187 242 1251 324; x_wconf 73' lang='grc'><strong>589</strong></span> 
     </span>
    </p>
   </div>
   <div class='ocr_carea' id='block_1_2' title="bbox 139 402 1248 752">
    <p class='ocr_par' dir='ltr' id='par_1_2' title="bbox 139 402 1248 752">
     <span class='ocr_line' id='line_1_2' title="bbox 142 402 1247 493; baseline 0.001 -20"><span class='ocrx_word' id='word_1_6' title='bbox 142 414 174 473; x_wconf 87' lang='lat' dir='ltr'><strong>in</strong></span> <span class='ocrx_word' id='word_1_7' title='bbox 187 411 288 492; x_wconf 77' lang='lat' dir='ltr'>scirpo</span> <span class='ocrx_word' id='word_1_8' title='bbox 304 421 479 491; x_wconf 78' lang='lat' dir='ltr'><strong>quaerentes</strong></span> <span class='ocrx_word' id='word_1_9' title='bbox 496 421 526 473; x_wconf 87' lang='lat' dir='ltr'><strong>et</strong></span> <span class='ocrx_word' id='word_1_10' title='bbox 544 402 647 474; x_wconf 84' lang='lat' dir='ltr'><strong>nescio</strong></span> <span class='ocrx_word' id='word_1_11' title='bbox 668 430 742 493; x_wconf 88' lang='lat' dir='ltr'><strong>quse</strong></span> <span class='ocrx_word' id='word_1_12' title='bbox 757 406 910 477; x_wconf 81' lang='grc' dir='ltr'><strong><em>οίσιίσιατα</em></strong></span> <span class='ocrx_word' id='word_1_13' title='bbox 925 415 1183 474; x_wconf 68' lang='lat' dir='ltr'><strong>comminiscentes</strong></span> <span class='ocrx_word' id='word_1_14' title='bbox 1196 432 1247 474; x_wconf 89' lang='lat' dir='ltr'><strong>re-</strong></span> 
     </span>
     <span class='ocr_line' id='line_1_3' title="bbox 141 497 1248 581; baseline 0 -23"><span class='ocrx_word' id='word_1_15' title='bbox 141 497 345 579; x_wconf 82' lang='lat' dir='ltr'><strong>prehendant,</strong></span> <span class='ocrx_word' id='word_1_16' title='bbox 366 519 430 558; x_wconf 90' lang='lat' dir='ltr'><strong>non</strong></span> <span class='ocrx_word' id='word_1_17' title='bbox 453 499 552 559; x_wconf 80' lang='lat' dir='ltr'><strong>video.</strong></span> <span class='ocrx_word' id='word_1_18' title='bbox 575 519 672 558; x_wconf 78' lang='lat' dir='ltr'><strong>nmsn.</strong></span> <span class='ocrx_word' id='word_1_19' title='bbox 701 497 948 581; x_wconf 67' lang='grc' dir='ltr'><strong><em>ὁμολογουμένως</em></strong></span> <span class='ocrx_word' id='word_1_20' title='bbox 969 501 1095 560; x_wconf 87' lang='lat' dir='ltr'><strong>Bekker.</strong></span> <span class='ocrx_word' id='word_1_21' title='bbox 1129 501 1248 560; x_wconf 79' lang='lat' dir='ltr'><strong>Nollem</strong></span> 
     </span>
     <span class='ocr_line' id='line_1_4' title="bbox 140 577 1245 664; baseline 0.001 -21"><span class='ocrx_word' id='word_1_22' title='bbox 140 585 263 643; x_wconf 80' lang='lat' dir='ltr'><strong>fectum.</strong></span> <span class='ocrx_word' id='word_1_23' title='bbox 298 583 381 642; x_wconf 87' lang='lat' dir='ltr'><strong>Idem</strong></span> <span class='ocrx_word' id='word_1_24' title='bbox 399 583 479 648; x_wconf 84' lang='lat' dir='ltr'><strong>enim</strong></span> <span class='ocrx_word' id='word_1_25' title='bbox 489 583 576 643; x_wconf 88' lang='lat' dir='ltr'><strong>&#39;mihi</strong></span> <span class='ocrx_word' id='word_1_26' title='bbox 590 604 673 643; x_wconf 89' lang='lat' dir='ltr'><strong>nunc</strong></span> <span class='ocrx_word' id='word_1_27' title='bbox 688 585 843 644; x_wconf 78' lang='lat' dir='ltr'><strong>latendum</strong></span> <span class='ocrx_word' id='word_1_28' title='bbox 856 594 912 662; x_wconf 80' lang='lat' dir='ltr'><strong>est,</strong></span> <span class='ocrx_word' id='word_1_29' title='bbox 928 577 1017 664; x_wconf 71' lang='lat' dir='ltr'><strong>&#39;quod</strong></span> <span class='ocrx_word' id='word_1_30' title='bbox 1032 586 1069 645; x_wconf 88' lang='lat' dir='ltr'><strong>de</strong></span> <span class='ocrx_word' id='word_1_31' title='bbox 1086 583 1159 644; x_wconf 81' lang='lat' dir='ltr'><strong>lsaei</strong></span> <span class='ocrx_word' id='word_1_32' title='bbox 1175 585 1245 645; x_wconf 85' lang='lat' dir='ltr'><strong>loco</strong></span> 
     </span>
     <span class='ocr_line' id='line_1_5' title="bbox 139 668 1193 752; baseline 0.003 -24"><span class='ocrx_word' id='word_1_33' title='bbox 139 669 236 728; x_wconf 81' lang='lat' dir='ltr'><strong>lassus</strong></span> <span class='ocrx_word' id='word_1_34' title='bbox 249 669 366 728; x_wconf 84' lang='lat' dir='ltr'><strong>eumad</strong></span> <span class='ocrx_word' id='word_1_35' title='bbox 380 669 505 729; x_wconf 79' lang='lat' dir='ltr'><strong>Perenni</strong></span> <span class='ocrx_word' id='word_1_36' title='bbox 517 668 631 743; x_wconf 80' lang='lat' dir='ltr'><strong>Hecub.</strong></span> <span class='ocrx_word' id='word_1_37' title='bbox 649 690 680 748; x_wconf 91' lang='lat' dir='ltr'><strong>p.</strong></span> <span class='ocrx_word' id='word_1_38' title='bbox 694 672 748 734; x_wconf 87' lang='lat'><strong>31.-</strong></span> <span class='ocrx_word' id='word_1_39' title='bbox 760 668 833 729; x_wconf 90' lang='lat' dir='ltr'><strong>edit.</strong></span> <span class='ocrx_word' id='word_1_40' title='bbox 845 679 917 730; x_wconf 85' lang='lat' dir='ltr'><strong>tert.</strong></span> <span class='ocrx_word' id='word_1_41' title='bbox 931 671 1013 752; x_wconf 85' lang='lat' dir='ltr'><strong>Lips.</strong></span> <span class='ocrx_word' id='word_1_42' title='bbox 1034 688 1193 732; x_wconf 75' lang='lat' dir='ltr'><strong>scusnruu.</strong></span> 
     </span>
    </p>
   </div>
   <div class='ocr_carea' id='block_1_3' title="bbox 224 774 1229 857">
    <p class='ocr_par' dir='ltr' id='par_1_3' title="bbox 224 774 1229 857">
     <span class='ocr_line' id='line_1_6' title="bbox 224 774 1229 857; baseline 0.003 -22"><span class='ocrx_word' id='word_1_43' title='bbox 224 776 256 835; x_wconf 88' lang='grc' dir='ltr'><strong>Ρ.</strong></span> <span class='ocrx_word' id='word_1_44' title='bbox 280 777 372 840; x_wconf 88' lang='grc'><strong>1381.</strong></span> <span class='ocrx_word' id='word_1_45' title='bbox 393 794 423 837; x_wconf 77' lang='lat' dir='ltr'><strong>r.</strong></span> <span class='ocrx_word' id='word_1_46' title='bbox 444 775 495 842; x_wconf 78' lang='lat'><strong>24·</strong></span> <span class='ocrx_word' id='word_1_47' title='bbox 516 774 625 854; x_wconf 75' lang='grc' dir='ltr'><strong><em>ιιαίοῖς]</em></strong></span> <span class='ocrx_word' id='word_1_48' title='bbox 647 775 684 834; x_wconf 87' lang='grc' dir='ltr'><strong>Η.</strong></span> <span class='ocrx_word' id='word_1_49' title='bbox 702 775 723 834; x_wconf 94' lang='lat' dir='ltr'><strong>l.</strong></span> <span class='ocrx_word' id='word_1_50' title='bbox 739 774 857 855; x_wconf 82' lang='lat' dir='ltr'><strong>accipio</strong></span> <span class='ocrx_word' id='word_1_51' title='bbox 873 796 931 855; x_wconf 90' lang='lat' dir='ltr'><strong>pro</strong></span> <span class='ocrx_word' id='word_1_52' title='bbox 949 782 1063 856; x_wconf 69' lang='grc' dir='ltr'><strong>σοφοῖς.</strong></span> <span class='ocrx_word' id='word_1_53' title='bbox 1084 796 1182 840; x_wconf 71' lang='lat' dir='ltr'><strong>reme.</strong></span> <span class='ocrx_word' id='word_1_54' title='bbox 1224 848 1229 857; x_wconf 41' lang='lat'><strong>,</strong></span> 
     </span>
    </p>
   </div>
   <div class='ocr_carea' id='block_1_4' title="bbox 76 879 1280 2730">
    <p class='ocr_par' dir='ltr' id='par_1_4' title="bbox 222 879 1246 962">
     <span class='ocr_line' id='line_1_7' title="bbox 222 879 1246 962; baseline 0.001 -21"><span class='ocrx_word' id='word_1_55' title='bbox 222 882 254 941; x_wconf 90' lang='lat' dir='ltr'><strong>P.</strong></span> <span class='ocrx_word' id='word_1_56' title='bbox 277 884 369 947; x_wconf 85' lang='lat'><strong>1381.</strong></span> <span class='ocrx_word' id='word_1_57' title='bbox 390 901 420 943; x_wconf 84' lang='lat' dir='ltr'><strong>v.</strong></span> <span class='ocrx_word' id='word_1_58' title='bbox 441 881 492 947; x_wconf 79' lang='lat'><strong>25.</strong></span> <span class='ocrx_word' id='word_1_59' title='bbox 514 879 717 962; x_wconf 73' lang='grc' dir='ltr'><strong>διωρίσασθε]</strong></span> <span class='ocrx_word' id='word_1_60' title='bbox 747 879 835 958; x_wconf 78' lang='lat' dir='ltr'><strong>vulg.</strong></span> <span class='ocrx_word' id='word_1_61' title='bbox 854 882 1077 962; x_wconf 70' lang='grc' dir='ltr'><strong><em>διορίσασθαι..</em></strong></span> <span class='ocrx_word' id='word_1_62' title='bbox 1105 883 1195 956; x_wconf 82' lang='lat' dir='ltr'><strong>Quod</strong></span> <span class='ocrx_word' id='word_1_63' title='bbox 1219 883 1246 943; x_wconf 90' lang='lat' dir='ltr'><strong>si</strong></span> 
     </span>
    </p>

    <p class='ocr_par' dir='ltr' id='par_1_5' title="bbox 76 960 1280 2730">
     <span class='ocr_line' id='line_1_8' title="bbox 138 960 1280 1046; baseline 0.001 -20"><span class='ocrx_word' id='word_1_64' title='bbox 138 965 214 1026; x_wconf 88' lang='lat' dir='ltr'><strong>bene</strong></span> <span class='ocrx_word' id='word_1_65' title='bbox 224 965 327 1042; x_wconf 78' lang='lat' dir='ltr'><strong>hebet,</strong></span> <span class='ocrx_word' id='word_1_66' title='bbox 350 985 470 1025; x_wconf 89' lang='lat' dir='ltr'><strong>necesse</strong></span> <span class='ocrx_word' id='word_1_67' title='bbox 483 973 528 1024; x_wconf 85' lang='lat' dir='ltr'><strong>eet</strong></span> <span class='ocrx_word' id='word_1_68' title='bbox 543 975 580 1024; x_wconf 92' lang='lat' dir='ltr'><strong>ut</strong></span> <span class='ocrx_word' id='word_1_69' title='bbox 595 986 625 1025; x_wconf 81' lang='lat' dir='ltr'><strong>r.</strong></span> <span class='ocrx_word' id='word_1_70' title='bbox 640 972 692 1033; x_wconf 80' lang='lat'><strong>27.</strong></span> <span class='ocrx_word' id='word_1_71' title='bbox 713 965 828 1044; x_wconf 74' lang='lat' dir='ltr'><strong>legatur</strong></span> <span class='ocrx_word' id='word_1_72' title='bbox 842 960 930 1031; x_wconf 74' lang='lat' dir='ltr'><strong>laicate</strong></span> <span class='ocrx_word' id='word_1_73' title='bbox 943 962 984 1046; x_wconf 85' lang='lat'><strong>*).</strong></span> <span class='ocrx_word' id='word_1_74' title='bbox 1015 968 1068 1027; x_wconf 85' lang='lat' dir='ltr'><strong>Sin</strong></span> <span class='ocrx_word' id='word_1_75' title='bbox 1082 979 1182 1027; x_wconf 69' lang='lat' dir='ltr'><strong>cutem</strong></span> <span class='ocrx_word' id='word_1_76' title='bbox 1200 968 1245 1027; x_wconf 86' lang='lat' dir='ltr'><strong>ibi</strong></span> <span class='ocrx_word' id='word_1_77' title='bbox 1275 1006 1280 1015; x_wconf 90' lang='lat'><em>-</em></span> 
     </span>
     <span class='ocr_line' id='line_1_9' title="bbox 139 1046 1246 1129; baseline 0.003 -19"><span class='ocrx_word' id='word_1_78' title='bbox 139 1061 275 1112; x_wconf 84' lang='lat' dir='ltr'><strong>servatur</strong></span> <span class='ocrx_word' id='word_1_79' title='bbox 288 1046 398 1128; x_wconf 73' lang='lat' dir='ltr'><strong>lairere,</strong></span> <span class='ocrx_word' id='word_1_80' title='bbox 418 1069 539 1110; x_wconf 86' lang='lat' dir='ltr'><strong>necesse</strong></span> <span class='ocrx_word' id='word_1_81' title='bbox 553 1059 648 1110; x_wconf 87' lang='lat' dir='ltr'><strong>estut</strong></span> <span class='ocrx_word' id='word_1_82' title='bbox 664 1051 695 1111; x_wconf 87' lang='lat' dir='ltr'><strong>h.</strong></span> <span class='ocrx_word' id='word_1_83' title='bbox 708 1050 730 1112; x_wconf 92' lang='lat' dir='ltr'><strong>l.</strong></span> <span class='ocrx_word' id='word_1_84' title='bbox 744 1052 929 1125; x_wconf 77' lang='grc' dir='ltr'><strong><em>διωρίσασθε</em></strong></span> <span class='ocrx_word' id='word_1_85' title='bbox 940 1050 1065 1129; x_wconf 81' lang='lat' dir='ltr'><strong>legetur.</strong></span> <span class='ocrx_word' id='word_1_86' title='bbox 1094 1054 1246 1113; x_wconf 74' lang='lat' dir='ltr'><strong>Posterior</strong></span> 
     </span>
     <span class='ocr_line' id='line_1_10' title="bbox 140 1131 1245 1217; baseline 0.002 -23"><span class='ocrx_word' id='word_1_87' title='bbox 140 1140 165 1195; x_wconf 88' lang='lat' dir='ltr'><strong>si</strong></span> <span class='ocrx_word' id='word_1_88' title='bbox 178 1136 334 1217; x_wconf 77' lang='lat' dir='ltr'><strong>probatur,</strong></span> <span class='ocrx_word' id='word_1_89' title='bbox 355 1145 423 1196; x_wconf 85' lang='lat' dir='ltr'><strong>tum</strong></span> <span class='ocrx_word' id='word_1_90' title='bbox 439 1135 604 1195; x_wconf 84' lang='lat' dir='ltr'><strong>semicolon</strong></span> <span class='ocrx_word' id='word_1_91' title='bbox 620 1136 680 1197; x_wconf 85' lang='lat' dir='ltr'><strong>erit</strong></span> <span class='ocrx_word' id='word_1_92' title='bbox 692 1145 764 1217; x_wconf 82' lang='lat' dir='ltr'><strong>past</strong></span> <span class='ocrx_word' id='word_1_93' title='bbox 780 1131 895 1200; x_wconf 80' lang='grc' dir='ltr'><strong><em>οιίιιοῦν</em></strong></span> <span class='ocrx_word' id='word_1_94' title='bbox 910 1133 1009 1200; x_wconf 82' lang='grc' dir='ltr'><strong><em>δεινόν</em></strong></span> <span class='ocrx_word' id='word_1_95' title='bbox 1023 1158 1052 1198; x_wconf 87' lang='lat' dir='ltr'><strong>v.</strong></span> <span class='ocrx_word' id='word_1_96' title='bbox 1071 1144 1123 1204; x_wconf 78' lang='lat'><strong>22.</strong></span> <span class='ocrx_word' id='word_1_97' title='bbox 1147 1138 1245 1216; x_wconf 85' lang='lat' dir='ltr'><strong>figen-</strong></span> 
     </span>
     <span class='ocr_line' id='line_1_11' title="bbox 76 1217 1245 1303; baseline -0.001 -22"><span class='ocrx_word' id='word_1_98' title='bbox 76 1241 82 1259; x_wconf 86' lang='lat'><strong>·</strong></span> <span class='ocrx_word' id='word_1_99' title='bbox 139 1222 212 1281; x_wconf 90' lang='lat' dir='ltr'><strong>dum</strong></span> <span class='ocrx_word' id='word_1_100' title='bbox 227 1217 292 1303; x_wconf 79' lang='lat'><strong>**),</strong></span> <span class='ocrx_word' id='word_1_101' title='bbox 315 1230 344 1281; x_wconf 86' lang='lat' dir='ltr'><strong>et</strong></span> <span class='ocrx_word' id='word_1_102' title='bbox 358 1231 425 1280; x_wconf 88' lang='lat' dir='ltr'><strong>tum</strong></span> <span class='ocrx_word' id='word_1_103' title='bbox 440 1242 520 1280; x_wconf 82' lang='lat' dir='ltr'><strong>nova</strong></span> <span class='ocrx_word' id='word_1_104' title='bbox 537 1218 649 1303; x_wconf 70' lang='lat' dir='ltr'><strong>incipil</strong></span> <span class='ocrx_word' id='word_1_105' title='bbox 669 1222 832 1281; x_wconf 81' lang='lat' dir='ltr'><strong>sententia:</strong></span> <span class='ocrx_word' id='word_1_106' title='bbox 856 1223 957 1281; x_wconf 75' lang='lat' dir='ltr'><strong>Grave</strong></span> <span class='ocrx_word' id='word_1_107' title='bbox 969 1225 1072 1299; x_wconf 79' lang='lat' dir='ltr'><strong>foret:</strong></span> <span class='ocrx_word' id='word_1_108' title='bbox 1094 1220 1245 1284; x_wconf 70' lang='lat' dir='ltr'><strong>aduersus</strong></span> 
     </span>
     <span class='ocr_line' id='line_1_12' title="bbox 139 1302 1244 1386; baseline 0.003 -22"><span class='ocrx_word' id='word_1_109' title='bbox 139 1310 293 1366; x_wconf 70' lang='lat' dir='ltr'><strong>civilatem</strong></span> <span class='ocrx_word' id='word_1_110' title='bbox 314 1304 437 1386; x_wconf 85' lang='lat' dir='ltr'><strong>quidem</strong></span> <span class='ocrx_word' id='word_1_111' title='bbox 449 1305 641 1386; x_wconf 83' lang='lat' dir='ltr'><strong>finitimam,</strong></span> <span class='ocrx_word' id='word_1_112' title='bbox 664 1302 787 1386; x_wconf 76' lang='lat' dir='ltr'><strong>deque</strong></span> <span class='ocrx_word' id='word_1_113' title='bbox 810 1318 923 1365; x_wconf 70' lang='lat' dir='ltr'><strong>constet</strong></span> <span class='ocrx_word' id='word_1_114' title='bbox 938 1310 1016 1366; x_wconf 78' lang='lat' dir='ltr'><strong>iuter</strong></span> <span class='ocrx_word' id='word_1_115' title='bbox 1036 1330 1152 1383; x_wconf 85' lang='lat' dir='ltr'><strong>omnes,</strong></span> <span class='ocrx_word' id='word_1_116' title='bbox 1177 1328 1244 1367; x_wconf 88' lang='lat' dir='ltr'><strong>eam</strong></span> 
     </span>
     <span class='ocr_line' id='line_1_13' title="bbox 139 1389 1244 1473; baseline 0 -23"><span class='ocrx_word' id='word_1_117' title='bbox 139 1395 275 1450; x_wconf 85' lang='lat' dir='ltr'><strong>omnium</strong></span> <span class='ocrx_word' id='word_1_118' title='bbox 292 1393 478 1450; x_wconf 81' lang='lat' dir='ltr'><strong>Graecorum</strong></span> <span class='ocrx_word' id='word_1_119' title='bbox 492 1394 603 1471; x_wconf 80' lang='lat' dir='ltr'><strong>optime</strong></span> <span class='ocrx_word' id='word_1_120' title='bbox 621 1389 660 1451; x_wconf 81' lang='lat' dir='ltr'><strong>de</strong></span> <span class='ocrx_word' id='word_1_121' title='bbox 678 1392 765 1453; x_wconf 73' lang='lat' dir='ltr'><strong>vobis</strong></span> <span class='ocrx_word' id='word_1_122' title='bbox 776 1394 882 1469; x_wconf 83' lang='lat' dir='ltr'><strong>suicee</strong></span> <span class='ocrx_word' id='word_1_123' title='bbox 899 1397 1058 1473; x_wconf 82' lang='lat' dir='ltr'><strong>meritam,</strong></span> <span class='ocrx_word' id='word_1_124' title='bbox 1078 1390 1244 1451; x_wconf 78' lang='lat' dir='ltr'><strong>curarreiie</strong></span> 
     </span>
     <span class='ocr_line' id='line_1_14' title="bbox 137 1470 1243 1558; baseline 0.002 -24"><span class='ocrx_word' id='word_1_125' title='bbox 137 1480 228 1536; x_wconf 71' lang='lat' dir='ltr'><strong>lania</strong></span> <span class='ocrx_word' id='word_1_126' title='bbox 251 1480 405 1557; x_wconf 78' lang='lat' dir='ltr'><strong>aequitate</strong></span> <span class='ocrx_word' id='word_1_127' title='bbox 425 1488 454 1535; x_wconf 80' lang='lat' dir='ltr'><strong>et</strong></span> <span class='ocrx_word' id='word_1_128' title='bbox 465 1475 636 1556; x_wconf 80' lang='lat' dir='ltr'><strong>prudentia</strong></span> <span class='ocrx_word' id='word_1_129' title='bbox 657 1488 751 1557; x_wconf 83' lang='lat' dir='ltr'><strong>atque</strong></span> <span class='ocrx_word' id='word_1_130' title='bbox 772 1470 1036 1556; x_wconf 64' lang='lat' dir='ltr'><strong>circum-&#39;spectione</strong></span> <span class='ocrx_word' id='word_1_131' title='bbox 1056 1481 1126 1558; x_wconf 80' lang='lat' dir='ltr'><strong>ogi,</strong></span> <span class='ocrx_word' id='word_1_132' title='bbox 1149 1490 1184 1536; x_wconf 76' lang='lat' dir='ltr'><strong>ut</strong></span> <span class='ocrx_word' id='word_1_133' title='bbox 1206 1476 1243 1536; x_wconf 86' lang='lat' dir='ltr'><strong>de</strong></span> 
     </span>
     <span class='ocr_line' id='line_1_15' title="bbox 136 1560 1242 1642; baseline 0 -22"><span class='ocrx_word' id='word_1_134' title='bbox 136 1564 272 1642; x_wconf 78' lang='lat' dir='ltr'><strong>cingulis</strong></span> <span class='ocrx_word' id='word_1_135' title='bbox 287 1563 456 1642; x_wconf 71' lang='lat' dir='ltr'><em>quibusque</em></span> <span class='ocrx_word' id='word_1_136' title='bbox 471 1560 647 1642; x_wconf 83' lang='lat' dir='ltr'><strong>definiretur</strong></span> <span class='ocrx_word' id='word_1_137' title='bbox 663 1575 756 1642; x_wconf 80' lang='lat' dir='ltr'><strong>atque</strong></span> <span class='ocrx_word' id='word_1_138' title='bbox 768 1565 960 1642; x_wconf 78' lang='lat' dir='ltr'><strong>exciperetur,</strong></span> <span class='ocrx_word' id='word_1_139' title='bbox 983 1585 1062 1642; x_wconf 88' lang='lat' dir='ltr'><strong>quae</strong></span> <span class='ocrx_word' id='word_1_140' title='bbox 1075 1566 1153 1642; x_wconf 81' lang='lat' dir='ltr'><strong>ipeie</strong></span> <span class='ocrx_word' id='word_1_141' title='bbox 1167 1584 1242 1621; x_wconf 85' lang='lat' dir='ltr'><strong>con-</strong></span> 
     </span>
     <span class='ocr_line' id='line_1_16' title="bbox 136 1648 1243 1728; baseline 0.001 -23"><span class='ocrx_word' id='word_1_142' title='bbox 136 1669 221 1707; x_wconf 81' lang='lat' dir='ltr'><strong>cecsa</strong></span> <span class='ocrx_word' id='word_1_143' title='bbox 244 1656 301 1706; x_wconf 78' lang='lat' dir='ltr'><strong>aut</strong></span> <span class='ocrx_word' id='word_1_144' title='bbox 319 1660 432 1728; x_wconf 80' lang='lat' dir='ltr'><strong>negata</strong></span> <span class='ocrx_word' id='word_1_145' title='bbox 456 1649 650 1722; x_wconf 75' lang='grc' dir='ltr'><strong><em>νοίιιίιαιίίος</em></strong></span> <span class='ocrx_word' id='word_1_146' title='bbox 674 1648 755 1706; x_wconf 85' lang='grc' dir='ltr'><strong><em>ίιαιισ</em></strong></span> <span class='ocrx_word' id='word_1_147' title='bbox 771 1669 842 1706; x_wconf 81' lang='lat' dir='ltr'><strong>uero</strong></span> <span class='ocrx_word' id='word_1_148' title='bbox 863 1651 1103 1727; x_wconf 78' lang='lat' dir='ltr'><strong>cinelieimpuue</strong></span> <span class='ocrx_word' id='word_1_149' title='bbox 1119 1651 1243 1708; x_wconf 69' lang='lat' dir='ltr'><strong>civiteaeti</strong></span> 
     </span>
     <span class='ocr_line' id='line_1_17' title="bbox 136 1728 1242 1812; baseline -0.002 -19"><span class='ocrx_word' id='word_1_150' title='bbox 136 1746 252 1793; x_wconf 71' lang='lat' dir='ltr'><strong>vertrae</strong></span> <span class='ocrx_word' id='word_1_151' title='bbox 272 1735 330 1792; x_wconf 74' lang='lat' dir='ltr'><strong>roei·</strong></span> <span class='ocrx_word' id='word_1_152' title='bbox 345 1731 475 1792; x_wconf 83' lang='lat' dir='ltr'><strong>illudere</strong></span> <span class='ocrx_word' id='word_1_153' title='bbox 486 1736 686 1809; x_wconf 78' lang='lat' dir='ltr'><strong>foeminam,</strong></span> <span class='ocrx_word' id='word_1_154' title='bbox 702 1754 781 1812; x_wconf 86' lang='lat' dir='ltr'><strong>quae</strong></span> <span class='ocrx_word' id='word_1_155' title='bbox 795 1743 861 1790; x_wconf 81' lang='lat' dir='ltr'><strong>tam</strong></span> <span class='ocrx_word' id='word_1_156' title='bbox 879 1734 1008 1812; x_wconf 86' lang='lat' dir='ltr'><strong>palam,</strong></span> <span class='ocrx_word' id='word_1_157' title='bbox 1032 1745 1097 1792; x_wconf 84' lang='lat' dir='ltr'><strong>tam</strong></span> <span class='ocrx_word' id='word_1_158' title='bbox 1115 1736 1193 1792; x_wconf 73' lang='lat' dir='ltr'><strong>cerie</strong></span> <span class='ocrx_word' id='word_1_159' title='bbox 1209 1728 1242 1791; x_wconf 55' lang='lat' dir='ltr'><strong>&#39;et</strong></span> 
     </span>
     <span class='ocr_line' id='line_1_18' title="bbox 136 1817 1240 1896; baseline 0.001 -21"><span class='ocrx_word' id='word_1_160' title='bbox 136 1817 278 1896; x_wconf 68' lang='lat' dir='ltr'><strong>liquide,</strong></span> <span class='ocrx_word' id='word_1_161' title='bbox 293 1828 331 1876; x_wconf 85' lang='lat' dir='ltr'><strong>ut</strong></span> <span class='ocrx_word' id='word_1_162' title='bbox 348 1817 536 1879; x_wconf 74' lang='lat' dir='ltr'><strong>dubitationi</strong></span> <span class='ocrx_word' id='word_1_163' title='bbox 551 1820 639 1877; x_wconf 81' lang='lat' dir='ltr'><strong>locus</strong></span> <span class='ocrx_word' id='word_1_164' title='bbox 662 1819 770 1876; x_wconf 71' lang='lat' dir='ltr'><strong>nullus</strong></span> <span class='ocrx_word' id='word_1_165' title='bbox 785 1821 935 1896; x_wconf 81' lang='lat' dir='ltr'><strong>euperrit,</strong></span> <span class='ocrx_word' id='word_1_166' title='bbox 957 1840 1011 1896; x_wconf 85' lang='lat' dir='ltr'><strong>per</strong></span> <span class='ocrx_word' id='word_1_167' title='bbox 1027 1828 1124 1876; x_wconf 78' lang='lat' dir='ltr'><strong>totam</strong></span> <span class='ocrx_word' id='word_1_168' title='bbox 1139 1821 1240 1878; x_wconf 78' lang='lat' dir='ltr'><strong>Grae-</strong></span> 
     </span>
     <span class='ocr_line' id='line_1_19' title="bbox 135 1903 1241 1982; baseline 0.004 -22"><span class='ocrx_word' id='word_1_169' title='bbox 135 1906 216 1960; x_wconf 85' lang='lat' dir='ltr'><strong>ciam</strong></span> <span class='ocrx_word' id='word_1_170' title='bbox 228 1915 389 1982; x_wconf 83' lang='lat' dir='ltr'><strong>quaestum</strong></span> <span class='ocrx_word' id='word_1_171' title='bbox 401 1905 648 1982; x_wconf 79' lang='lat' dir='ltr'><strong>corporefeceril.</strong></span> <span class='ocrx_word' id='word_1_172' title='bbox 672 1903 707 1963; x_wconf 89' lang='lat' dir='ltr'><strong>V.</strong></span> <span class='ocrx_word' id='word_1_173' title='bbox 724 1903 762 1962; x_wconf 81' lang='lat' dir='ltr'><strong>ad</strong></span> <span class='ocrx_word' id='word_1_174' title='bbox 786 1923 816 1982; x_wconf 91' lang='lat' dir='ltr'><strong>p.</strong></span> <span class='ocrx_word' id='word_1_175' title='bbox 829 1903 910 1981; x_wconf 83' lang='lat'><strong>481,</strong></span> <span class='ocrx_word' id='word_1_176' title='bbox 932 1907 963 1969; x_wconf 85' lang='lat'><strong>3.</strong></span> <span class='ocrx_word' id='word_1_177' title='bbox 986 1904 1075 1963; x_wconf 86' lang='lat' dir='ltr'><strong>dicto.</strong></span> <span class='ocrx_word' id='word_1_178' title='bbox 1108 1904 1183 1964; x_wconf 82' lang='lat' dir='ltr'><strong>Dedi</strong></span> <span class='ocrx_word' id='word_1_179' title='bbox 1203 1905 1241 1964; x_wconf 80' lang='lat' dir='ltr'><strong>(le</strong></span> 
     </span>
     <span class='ocr_line' id='line_1_20' title="bbox 134 1984 1241 2070; baseline 0.006 -24"><span class='ocrx_word' id='word_1_180' title='bbox 134 2008 201 2047; x_wconf 79' lang='lat' dir='ltr'><strong>ineo</strong></span> <span class='ocrx_word' id='word_1_181' title='bbox 221 1985 341 2064; x_wconf 79' lang='grc' dir='ltr'><strong><em>διινδν,</em></strong></span> <span class='ocrx_word' id='word_1_182' title='bbox 365 1989 393 2051; x_wconf 84' lang='lat' dir='ltr'><strong>el</strong></span> <span class='ocrx_word' id='word_1_183' title='bbox 415 1984 492 2067; x_wconf 80' lang='grc' dir='ltr'><strong><em>πρδς</em></strong></span> <span class='ocrx_word' id='word_1_184' title='bbox 509 2021 553 2036; x_wconf 90' lang='grc'><strong>-</strong></span> <span class='ocrx_word' id='word_1_185' title='bbox 575 1987 770 2070; x_wconf 75' lang='grc' dir='ltr'><strong>διωρίσασθε.</strong></span> <span class='ocrx_word' id='word_1_186' title='bbox 792 2007 891 2048; x_wconf 75' lang='lat' dir='ltr'><strong>umere.</strong></span> <span class='ocrx_word' id='word_1_187' title='bbox 926 1989 1017 2049; x_wconf 86' lang='lat' dir='ltr'><strong>Recte</strong></span> <span class='ocrx_word' id='word_1_188' title='bbox 1046 1991 1241 2070; x_wconf 82' lang='grc' dir='ltr'><strong><em>διορίσασθαι</em></strong></span> 
     </span>
     <span class='ocr_line' id='line_1_21' title="bbox 122 2068 1240 2154; baseline 0 -23"><span class='ocrx_word' id='word_1_189' title='bbox 122 2072 259 2149; x_wconf 75' lang='lat' dir='ltr'><strong>-Bekken</strong></span> <span class='ocrx_word' id='word_1_190' title='bbox 287 2074 349 2133; x_wconf 89' lang='lat' dir='ltr'><strong>Nec</strong></span> <span class='ocrx_word' id='word_1_191' title='bbox 363 2083 524 2154; x_wconf 77' lang='lat' dir='ltr'><strong>propterea</strong></span> <span class='ocrx_word' id='word_1_192' title='bbox 538 2093 573 2132; x_wconf 70' lang='lat' dir='ltr'><strong>ve</strong></span> <span class='ocrx_word' id='word_1_193' title='bbox 582 2081 634 2140; x_wconf 76' lang='lat'><strong>27.</strong></span> <span class='ocrx_word' id='word_1_194' title='bbox 652 2068 752 2136; x_wconf 74' lang='grc' dir='ltr'><strong><em>ἐάσετε</em></strong></span> <span class='ocrx_word' id='word_1_195' title='bbox 764 2071 943 2131; x_wconf 81' lang='lat' dir='ltr'><strong>mutandum</strong></span> <span class='ocrx_word' id='word_1_196' title='bbox 953 2073 986 2131; x_wconf 89' lang='lat' dir='ltr'><strong>iu</strong></span> <span class='ocrx_word' id='word_1_197' title='bbox 1002 2073 1098 2136; x_wconf 74' lang='grc' dir='ltr'><strong>ἐᾶσαι.</strong></span> <span class='ocrx_word' id='word_1_198' title='bbox 1126 2076 1240 2154; x_wconf 75' lang='lat' dir='ltr'><strong>Nempe</strong></span> 
     </span>
     <span class='ocr_line' id='line_1_22' title="bbox 135 2148 1241 2238; baseline 0.002 -21"><span class='ocrx_word' id='word_1_199' title='bbox 135 2178 206 2218; x_wconf 88' lang='lat' dir='ltr'><strong>cum</strong></span> <span class='ocrx_word' id='word_1_200' title='bbox 223 2158 333 2218; x_wconf 78' lang='lat' dir='ltr'><strong>Orator</strong></span> <span class='ocrx_word' id='word_1_201' title='bbox 346 2159 389 2219; x_wconf 81' lang='lat' dir='ltr'><strong>itu</strong></span> <span class='ocrx_word' id='word_1_202' title='bbox 405 2179 477 2218; x_wconf 85' lang='lat' dir='ltr'><strong>usus</strong></span> <span class='ocrx_word' id='word_1_203' title='bbox 492 2157 532 2217; x_wconf 87' lang='lat' dir='ltr'><strong>sit</strong></span> <span class='ocrx_word' id='word_1_204' title='bbox 544 2157 715 2234; x_wconf 83' lang='lat' dir='ltr'><strong>infinitivo,</strong></span> <span class='ocrx_word' id='word_1_205' title='bbox 738 2166 773 2217; x_wconf 91' lang='lat' dir='ltr'><strong>ut</strong></span> <span class='ocrx_word' id='word_1_206' title='bbox 789 2178 877 2217; x_wconf 86' lang='lat' dir='ltr'><strong>nemo</strong></span> <span class='ocrx_word' id='word_1_207' title='bbox 899 2178 962 2218; x_wconf 91' lang='lat' dir='ltr'><strong>non</strong></span> <span class='ocrx_word' id='word_1_208' title='bbox 983 2159 1071 2217; x_wconf 83' lang='lat' dir='ltr'><strong>eliam</strong></span> <span class='ocrx_word' id='word_1_209' title='bbox 1089 2148 1122 2216; x_wconf 82' lang='lat' dir='ltr'><strong>iu</strong></span> <span class='ocrx_word' id='word_1_210' title='bbox 1139 2170 1241 2238; x_wconf 86' lang='lat' dir='ltr'><strong>poste-</strong></span> 
     </span>
     <span class='ocr_line' id='line_1_23' title="bbox 132 2240 1241 2323; baseline 0 -20"><span class='ocrx_word' id='word_1_211' title='bbox 132 2243 208 2303; x_wconf 83' lang='lat' dir='ltr'><strong>riori</strong></span> <span class='ocrx_word' id='word_1_212' title='bbox 224 2244 356 2303; x_wconf 88' lang='lat' dir='ltr'><strong>membro</strong></span> <span class='ocrx_word' id='word_1_213' title='bbox 376 2253 553 2322; x_wconf 41' lang='lat' dir='ltr'><strong>,secuturum</strong></span> <span class='ocrx_word' id='word_1_214' title='bbox 574 2251 728 2323; x_wconf 84' lang='lat' dir='ltr'><strong>exspectet</strong></span> <span class='ocrx_word' id='word_1_215' title='bbox 743 2240 952 2319; x_wconf 86' lang='lat' dir='ltr'><strong>infinitivum,</strong></span> <span class='ocrx_word' id='word_1_216' title='bbox 979 2245 1097 2304; x_wconf 83' lang='lat' dir='ltr'><strong>fervore</strong></span> <span class='ocrx_word' id='word_1_217' title='bbox 1119 2243 1241 2303; x_wconf 79' lang='lat' dir='ltr'><strong>dicendi</strong></span> 
     </span>
     <span class='ocr_line' id='line_1_24' title="bbox 134 2327 1241 2410; baseline -0.001 -23"><span class='ocrx_word' id='word_1_218' title='bbox 134 2327 275 2408; x_wconf 81' lang='lat' dir='ltr'><strong>abreptus</strong></span> <span class='ocrx_word' id='word_1_219' title='bbox 291 2336 472 2410; x_wconf 75' lang='lat' dir='ltr'><strong>repenteque</strong></span> <span class='ocrx_word' id='word_1_220' title='bbox 486 2328 525 2387; x_wconf 80' lang='lat' dir='ltr'><strong>ad</strong></span> <span class='ocrx_word' id='word_1_221' title='bbox 539 2327 654 2388; x_wconf 89' lang='lat' dir='ltr'><strong>iudices</strong></span> <span class='ocrx_word' id='word_1_222' title='bbox 668 2348 830 2387; x_wconf 89' lang='lat' dir='ltr'><strong>conversus</strong></span> <span class='ocrx_word' id='word_1_223' title='bbox 845 2328 1011 2399; x_wconf 68' lang='lat' dir='ltr'><strong>indicativo</strong></span> <span class='ocrx_word' id='word_1_224' title='bbox 1034 2328 1141 2387; x_wconf 88' lang='lat' dir='ltr'><strong>utitur.</strong></span> <span class='ocrx_word' id='word_1_225' title='bbox 1174 2328 1241 2402; x_wconf 87' lang='lat' dir='ltr'><strong>Qua</strong></span> 
     </span>
     <span class='ocr_line' id='line_1_25' title="bbox 132 2412 1241 2492; baseline -0.001 -19"><span class='ocrx_word' id='word_1_226' title='bbox 132 2414 330 2475; x_wconf 86' lang='lat' dir='ltr'><strong>conversione</strong></span> <span class='ocrx_word' id='word_1_227' title='bbox 345 2436 433 2492; x_wconf 82' lang='lat' dir='ltr'><strong>quem</strong></span> <span class='ocrx_word' id='word_1_228' title='bbox 448 2413 553 2475; x_wconf 84' lang='lat' dir='ltr'><strong>vivido</strong></span> <span class='ocrx_word' id='word_1_229' title='bbox 566 2413 619 2473; x_wconf 80' lang='lat' dir='ltr'><strong>fiat</strong></span> <span class='ocrx_word' id='word_1_230' title='bbox 631 2413 729 2472; x_wconf 82' lang='lat' dir='ltr'><strong>oralio</strong></span> <span class='ocrx_word' id='word_1_231' title='bbox 741 2433 804 2473; x_wconf 88' lang='lat' dir='ltr'><strong>non</strong></span> <span class='ocrx_word' id='word_1_232' title='bbox 818 2434 894 2492; x_wconf 90' lang='lat' dir='ltr'><strong>opus</strong></span> <span class='ocrx_word' id='word_1_233' title='bbox 916 2412 1028 2473; x_wconf 86' lang='lat' dir='ltr'><strong>doceri.</strong></span> <span class='ocrx_word' id='word_1_234' title='bbox 1070 2413 1122 2471; x_wconf 89' lang='lat' dir='ltr'><strong>Sic</strong></span> <span class='ocrx_word' id='word_1_235' title='bbox 1139 2422 1241 2472; x_wconf 82' lang='lat' dir='ltr'><strong>nutem</strong></span> 
     </span>
     <span class='ocr_line' id='line_1_26' title="bbox 76 2492 1242 2580; baseline -0.001 -22"><span class='ocrx_word' id='word_1_236' title='bbox 76 2501 77 2505; x_wconf 74' lang='grc'>’</span> <span class='ocrx_word' id='word_1_237' title='bbox 132 2509 259 2579; x_wconf 71' lang='lat' dir='ltr'><strong>apparet</strong></span> <span class='ocrx_word' id='word_1_238' title='bbox 278 2521 310 2580; x_wconf 87' lang='lat' dir='ltr'><strong>p.</strong></span> <span class='ocrx_word' id='word_1_239' title='bbox 326 2504 425 2574; x_wconf 78' lang='lat'><strong>1382,</strong></span> <span class='ocrx_word' id='word_1_240' title='bbox 447 2502 478 2564; x_wconf 87' lang='grc'><strong>3.</strong></span> <span class='ocrx_word' id='word_1_241' title='bbox 498 2505 567 2579; x_wconf 83' lang='lat' dir='ltr'><strong>post</strong></span> <span class='ocrx_word' id='word_1_242' title='bbox 584 2492 745 2577; x_wconf 79' lang='grc' dir='ltr'><strong><em>ίιιοιὴσατο</em></strong></span> <span class='ocrx_word' id='word_1_243' title='bbox 762 2498 836 2577; x_wconf 89' lang='lat' dir='ltr'><strong>poni</strong></span> <span class='ocrx_word' id='word_1_244' title='bbox 853 2507 993 2575; x_wconf 89' lang='lat' dir='ltr'><strong>oportere</strong></span> <span class='ocrx_word' id='word_1_245' title='bbox 1008 2496 1125 2574; x_wconf 80' lang='lat' dir='ltr'><strong>signum</strong></span> <span class='ocrx_word' id='word_1_246' title='bbox 1147 2497 1242 2557; x_wconf 84' lang='lat' dir='ltr'><strong>inter-</strong></span> 
     </span>
     <span class='ocr_line' id='line_1_27' title="bbox 130 2581 1239 2663; baseline 0 -19"><span class='ocrx_word' id='word_1_247' title='bbox 130 2584 268 2662; x_wconf 81' lang='lat' dir='ltr'><strong>rogandi.</strong></span> <span class='ocrx_word' id='word_1_248' title='bbox 296 2586 388 2645; x_wconf 84' lang='lat' dir='ltr'><strong>Plane</strong></span> <span class='ocrx_word' id='word_1_249' title='bbox 399 2583 505 2645; x_wconf 75' lang='lat' dir='ltr'><strong>eadem</strong></span> <span class='ocrx_word' id='word_1_250' title='bbox 519 2583 615 2662; x_wconf 79' lang='lat' dir='ltr'><strong>figure</strong></span> <span class='ocrx_word' id='word_1_251' title='bbox 627 2582 809 2643; x_wconf 82' lang='lat' dir='ltr'><strong>elocutionis</strong></span> <span class='ocrx_word' id='word_1_252' title='bbox 821 2603 852 2663; x_wconf 82' lang='lat' dir='ltr'><strong>p.</strong></span> <span class='ocrx_word' id='word_1_253' title='bbox 866 2582 959 2658; x_wconf 83' lang='lat'><strong>1386,</strong></span> <span class='ocrx_word' id='word_1_254' title='bbox 975 2582 1006 2648; x_wconf 86' lang='lat'><strong>5.</strong></span> <span class='ocrx_word' id='word_1_255' title='bbox 1020 2601 1060 2642; x_wconf 81' lang='lat' dir='ltr'><strong>ss.</strong></span> <span class='ocrx_word' id='word_1_256' title='bbox 1081 2581 1239 2662; x_wconf 83' lang='lat' dir='ltr'><strong>reperitur.</strong></span> 
     </span>
     <span class='ocr_line' id='line_1_28' title="bbox 130 2688 564 2730; baseline -0.002 -2"><span class='ocrx_word' id='word_1_257' title='bbox 130 2688 293 2730; x_wconf 65' lang='lat' dir='ltr'><strong>cursurus.</strong></span> <span class='ocrx_word' id='word_1_258' title='bbox 560 2700 564 2705; x_wconf 93' lang='lat'><em>·</em></span> 
     </span>
    </p>
   </div>
   <div class='ocr_carea' id='block_1_5' title="bbox 128 2767 1239 3538">
    <p class='ocr_par' dir='ltr' id='par_1_6' title="bbox 128 2767 1239 3538">
     <span class='ocr_line' id='line_1_29' title="bbox 209 2767 1238 2857; baseline -0.003 -22"><span class='ocrx_word' id='word_1_259' title='bbox 209 2775 243 2836; x_wconf 88' lang='lat' dir='ltr'><strong>P.</strong></span> <span class='ocrx_word' id='word_1_260' title='bbox 266 2777 358 2841; x_wconf 87' lang='lat'><strong>1381.</strong></span> <span class='ocrx_word' id='word_1_261' title='bbox 378 2776 484 2841; x_wconf 66' lang='lat' dir='ltr'><strong>ve&#39;26.</strong></span> <span class='ocrx_word' id='word_1_262' title='bbox 505 2769 577 2856; x_wconf 77' lang='lat' dir='ltr'><strong>[acl</strong></span> <span class='ocrx_word' id='word_1_263' title='bbox 591 2767 765 2857; x_wconf 75' lang='grc' dir='ltr'><strong><em>ἆιιριβαῖςΠ</em></strong></span> <span class='ocrx_word' id='word_1_264' title='bbox 787 2773 894 2834; x_wconf 82' lang='lat' dir='ltr'><strong>Dolent</strong></span> <span class='ocrx_word' id='word_1_265' title='bbox 916 2772 1022 2835; x_wconf 70' lang='lat' dir='ltr'><strong>Vellet.</strong></span> <span class='ocrx_word' id='word_1_266' title='bbox 1047 2781 1078 2832; x_wconf 88' lang='lat' dir='ltr'><strong>et</strong></span> <span class='ocrx_word' id='word_1_267' title='bbox 1095 2768 1238 2850; x_wconf 73' lang='lat' dir='ltr'><strong>-Borocc,</strong></span> 
     </span>
     <span class='ocr_line' id='line_1_30' title="bbox 130 2858 1238 2940; baseline -0.004 -20"><span class='ocrx_word' id='word_1_268' title='bbox 130 2860 222 2940; x_wconf 83' lang='lat' dir='ltr'><strong>idque</strong></span> <span class='ocrx_word' id='word_1_269' title='bbox 236 2869 326 2919; x_wconf 86' lang='lat' dir='ltr'><strong>recte.</strong></span> <span class='ocrx_word' id='word_1_270' title='bbox 369 2860 479 2919; x_wconf 82' lang='lat' dir='ltr'><strong>Natum</strong></span> <span class='ocrx_word' id='word_1_271' title='bbox 494 2870 590 2920; x_wconf 86' lang='lat' dir='ltr'><strong>estex</strong></span> <span class='ocrx_word' id='word_1_272' title='bbox 609 2859 700 2918; x_wconf 90' lang='lat' dir='ltr'><strong>simili</strong></span> <span class='ocrx_word' id='word_1_273' title='bbox 715 2859 749 2918; x_wconf 89' lang='lat' dir='ltr'><strong>in</strong></span> <span class='ocrx_word' id='word_1_274' title='bbox 764 2859 843 2919; x_wconf 84' lang='lat' dir='ltr'><strong>linea</strong></span> <span class='ocrx_word' id='word_1_275' title='bbox 857 2860 1013 2938; x_wconf 84' lang='lat' dir='ltr'><strong>superiore</strong></span> <span class='ocrx_word' id='word_1_276' title='bbox 1021 2903 1030 2936; x_wconf 97' lang='lat'><strong>,</strong></span> <span class='ocrx_word' id='word_1_277' title='bbox 1052 2858 1137 2937; x_wconf 87' lang='lat' dir='ltr'><strong>quod·</strong></span> <span class='ocrx_word' id='word_1_278' title='bbox 1147 2858 1238 2917; x_wconf 81' lang='lat' dir='ltr'><strong>etiam</strong></span> 
     </span>
     <span class='ocr_line' id='line_1_31' title="bbox 130 2939 1239 3026; baseline -0.003 -22"><span class='ocrx_word' id='word_1_279' title='bbox 130 2946 215 3005; x_wconf 70' lang='lat' dir='ltr'><strong>abest</strong></span> <span class='ocrx_word' id='word_1_280' title='bbox 228 2945 266 3003; x_wconf 82' lang='lat' dir='ltr'><strong>eb</strong></span> <span class='ocrx_word' id='word_1_281' title='bbox 282 2944 386 3004; x_wconf 88' lang='lat' dir='ltr'><strong>codem</strong></span> <span class='ocrx_word' id='word_1_282' title='bbox 400 2945 525 3005; x_wconf 84' lang='lat' dir='ltr'><strong>Veneto.</strong></span> <span class='ocrx_word' id='word_1_283' title='bbox 544 2965 677 3005; x_wconf 69' lang='lat' dir='ltr'><strong>uereor.</strong></span> <span class='ocrx_word' id='word_1_284' title='bbox 698 2942 796 3004; x_wconf 76' lang='lat' dir='ltr'><strong>verba</strong></span> <span class='ocrx_word' id='word_1_285' title='bbox 809 2942 861 3006; x_wconf 82' lang='lat' dir='ltr'><strong>aul</strong></span> <span class='ocrx_word' id='word_1_286' title='bbox 876 2939 1020 3026; x_wconf 68' lang='grc' dir='ltr'><strong><em>ἀκριβῶς,</em></strong></span> <span class='ocrx_word' id='word_1_287' title='bbox 1040 2963 1117 3022; x_wconf 85' lang='lat' dir='ltr'><strong>quoe</strong></span> <span class='ocrx_word' id='word_1_288' title='bbox 1130 2946 1239 3023; x_wconf 83' lang='lat' dir='ltr'><strong>perpe·</strong></span> 
     </span>
     <span class='ocr_line' id='line_1_32' title="bbox 129 3028 1237 3110; baseline -0.005 -18"><span class='ocrx_word' id='word_1_289' title='bbox 129 3051 195 3092; x_wconf 84' lang='lat' dir='ltr'><strong>rem</strong></span> <span class='ocrx_word' id='word_1_290' title='bbox 209 3052 226 3090; x_wconf 89' lang='lat' dir='ltr'><strong>e</strong></span> <span class='ocrx_word' id='word_1_291' title='bbox 239 3029 389 3110; x_wconf 87' lang='lat' dir='ltr'><strong>superiori</strong></span> <span class='ocrx_word' id='word_1_292' title='bbox 403 3049 494 3090; x_wconf 88' lang='lat' dir='ltr'><strong>versu</strong></span> <span class='ocrx_word' id='word_1_293' title='bbox 511 3029 618 3089; x_wconf 77' lang='lat' dir='ltr'><strong>iterate</strong></span> <span class='ocrx_word' id='word_1_294' title='bbox 636 3029 745 3088; x_wconf 84' lang='lat' dir='ltr'><strong>volunt</strong></span> <span class='ocrx_word' id='word_1_295' title='bbox 759 3049 821 3088; x_wconf 87' lang='lat' dir='ltr'><strong>esse</strong></span> <span class='ocrx_word' id='word_1_296' title='bbox 836 3029 965 3107; x_wconf 90' lang='lat' dir='ltr'><strong>ideoque</strong></span> <span class='ocrx_word' id='word_1_297' title='bbox 989 3028 1137 3109; x_wconf 81' lang='lat' dir='ltr'><strong>expungi,</strong></span> <span class='ocrx_word' id='word_1_298' title='bbox 1159 3048 1237 3108; x_wconf 82' lang='lat' dir='ltr'><strong>que-</strong></span> 
     </span>
     <span class='ocr_line' id='line_1_33' title="bbox 129 3113 1238 3197; baseline -0.004 -21"><span class='ocrx_word' id='word_1_299' title='bbox 129 3127 256 3197; x_wconf 87' lang='lat' dir='ltr'><strong>prcpter</strong></span> <span class='ocrx_word' id='word_1_300' title='bbox 268 3116 356 3176; x_wconf 81' lang='lat' dir='ltr'><strong>etiam</strong></span> <span class='ocrx_word' id='word_1_301' title='bbox 372 3123 409 3174; x_wconf 85' lang='lat' dir='ltr'><strong>ut</strong></span> <span class='ocrx_word' id='word_1_302' title='bbox 421 3115 512 3174; x_wconf 86' lang='lat' dir='ltr'><strong>dubis</strong></span> <span class='ocrx_word' id='word_1_303' title='bbox 530 3115 616 3175; x_wconf 87' lang='lat' dir='ltr'><strong>nucis</strong></span> <span class='ocrx_word' id='word_1_304' title='bbox 632 3113 758 3190; x_wconf 82' lang='lat' dir='ltr'><strong>incluci,</strong></span> <span class='ocrx_word' id='word_1_305' title='bbox 772 3114 810 3174; x_wconf 75' lang='lat' dir='ltr'><strong>&#39;si</strong></span> <span class='ocrx_word' id='word_1_306' title='bbox 822 3115 969 3179; x_wconf 76' lang='lat' dir='ltr'><strong>volumus</strong></span> <span class='ocrx_word' id='word_1_307' title='bbox 987 3115 1117 3190; x_wconf 64' lang='lat' dir='ltr'><strong>savum,</strong></span> <span class='ocrx_word' id='word_1_308' title='bbox 1139 3113 1238 3194; x_wconf 80' lang='lat' dir='ltr'><strong>accipi</strong></span> 
     </span>
     <span class='ocr_line' id='line_1_34' title="bbox 130 3199 1238 3281; baseline -0.003 -20"><span class='ocrx_word' id='word_1_309' title='bbox 130 3202 240 3262; x_wconf 86' lang='lat' dir='ltr'><strong>debent</strong></span> <span class='ocrx_word' id='word_1_310' title='bbox 254 3222 311 3281; x_wconf 87' lang='lat' dir='ltr'><strong>pro</strong></span> <span class='ocrx_word' id='word_1_311' title='bbox 321 3202 633 3280; x_wconf 72' lang='lat' dir='ltr'><strong>·cetce‚·plaae,‚eine</strong></span> <span class='ocrx_word' id='word_1_312' title='bbox 652 3203 873 3275; x_wconf 76' lang='lat' dir='ltr'><strong>controuersia,</strong></span> <span class='ocrx_word' id='word_1_313' title='bbox 889 3199 974 3279; x_wconf 78' lang='lat' dir='ltr'><strong>quasi</strong></span> <span class='ocrx_word' id='word_1_314' title='bbox 987 3200 1087 3280; x_wconf 83' lang='lat' dir='ltr'><strong>posita</strong></span> <span class='ocrx_word' id='word_1_315' title='bbox 1102 3200 1165 3259; x_wconf 86' lang='lat' dir='ltr'><strong>sint</strong></span> <span class='ocrx_word' id='word_1_316' title='bbox 1178 3220 1238 3280; x_wconf 81' lang='lat' dir='ltr'><strong>po·</strong></span> 
     </span>
     <span class='ocr_line' id='line_1_35' title="bbox 130 3281 1238 3370; baseline -0.003 -25"><span class='ocrx_word' id='word_1_317' title='bbox 130 3308 169 3346; x_wconf 88' lang='lat' dir='ltr'><strong>ne</strong></span> <span class='ocrx_word' id='word_1_318' title='bbox 184 3286 217 3349; x_wconf 74' lang='lat' dir='ltr'><strong>lv</strong></span> <span class='ocrx_word' id='word_1_319' title='bbox 239 3281 351 3370; x_wconf 73' lang='grc' dir='ltr'><strong>ἁπάσῃ.</strong></span> <span class='ocrx_word' id='word_1_320' title='bbox 375 3307 433 3365; x_wconf 86' lang='lat' dir='ltr'><strong>per</strong></span> <span class='ocrx_word' id='word_1_321' title='bbox 447 3295 545 3344; x_wconf 79' lang='lat' dir='ltr'><strong>totam</strong></span> <span class='ocrx_word' id='word_1_322' title='bbox 553 3287 694 3364; x_wconf 66' lang='lat' dir='ltr'><strong>profluo</strong></span> <span class='ocrx_word' id='word_1_323' title='bbox 719 3286 899 3360; x_wconf 83' lang='lat' dir='ltr'><strong>Graeciam,</strong></span> <span class='ocrx_word' id='word_1_324' title='bbox 923 3297 960 3344; x_wconf 77' lang='lat' dir='ltr'><strong>ul</strong></span> <span class='ocrx_word' id='word_1_325' title='bbox 979 3295 1116 3361; x_wconf 76' lang='lat' dir='ltr'><strong>conciat,</strong></span> <span class='ocrx_word' id='word_1_326' title='bbox 1140 3287 1187 3342; x_wconf 82' lang='lat' dir='ltr'><strong>ita</strong></span> <span class='ocrx_word' id='word_1_327' title='bbox 1201 3296 1238 3343; x_wconf 81' lang='grc' dir='ltr'><strong>ιιι</strong></span> 
     </span>
     <span class='ocr_line' id='line_1_36' title="bbox 128 3364 1237 3453; baseline 0.001 -22"><span class='ocrx_word' id='word_1_328' title='bbox 128 3375 240 3451; x_wconf 79' lang='lat' dir='ltr'><strong>negari</strong></span> <span class='ocrx_word' id='word_1_329' title='bbox 252 3382 388 3452; x_wconf 80' lang='lat' dir='ltr'><strong>nequeat.</strong></span> <span class='ocrx_word' id='word_1_330' title='bbox 414 3369 495 3430; x_wconf 80' lang='lat' dir='ltr'><strong>Alias</strong></span> <span class='ocrx_word' id='word_1_331' title='bbox 511 3371 617 3430; x_wconf 87' lang='lat' dir='ltr'><strong>melius</strong></span> <span class='ocrx_word' id='word_1_332' title='bbox 634 3369 810 3445; x_wconf 80' lang='lat' dir='ltr'><strong>corsveniret</strong></span> <span class='ocrx_word' id='word_1_333' title='bbox 825 3376 966 3453; x_wconf 76' lang='grc' dir='ltr'><strong><em>φανερῶς</em></strong></span> <span class='ocrx_word' id='word_1_334' title='bbox 980 3369 1032 3434; x_wconf 82' lang='grc' dir='ltr'><strong>καί</strong></span> <span class='ocrx_word' id='word_1_335' title='bbox 1046 3364 1237 3453; x_wconf 76' lang='grc' dir='ltr'><strong><em>ιίπαρακαίιί-</em></strong></span> 
     </span>
     <span class='ocr_line' id='line_1_37' title="bbox 129 3438 1226 3538; baseline -0.005 -17"><span class='ocrx_word' id='word_1_336' title='bbox 129 3481 220 3533; x_wconf 77' lang='grc' dir='ltr'><strong>πτας.</strong></span> <span class='ocrx_word' id='word_1_337' title='bbox 243 3476 339 3516; x_wconf 80' lang='lat' dir='ltr'><strong>neren.</strong></span> <span class='ocrx_word' id='word_1_338' title='bbox 360 3452 413 3518; x_wconf 84' lang='grc' dir='ltr'><strong>καί</strong></span> <span class='ocrx_word' id='word_1_339' title='bbox 431 3450 565 3538; x_wconf 74' lang='grc' dir='ltr'><strong><em>οἷκριβοῑς</em></strong></span> <span class='ocrx_word' id='word_1_340' title='bbox 579 3465 661 3516; x_wconf 88' lang='lat' dir='ltr'><strong>recte</strong></span> <span class='ocrx_word' id='word_1_341' title='bbox 677 3438 789 3515; x_wconf 77' lang='lat' dir='ltr'><strong>‹lelevit</strong></span> <span class='ocrx_word' id='word_1_342' title='bbox 803 3455 929 3516; x_wconf 86' lang='lat' dir='ltr'><strong>Bekker.</strong></span> <span class='ocrx_word' id='word_1_343' title='bbox 951 3476 1111 3517; x_wconf 74' lang='lat' dir='ltr'><strong>sensurus.</strong></span> <span class='ocrx_word' id='word_1_344' title='bbox 1223 3514 1226 3525; x_wconf 85' lang='grc'>,</span> 
     </span>
    </p>
   </div>
   <div class='ocr_carea' id='block_1_6' title="bbox 129 3556 1235 3817">
    <p class='ocr_par' dir='ltr' id='par_1_7' title="bbox 129 3556 1235 3817">
     <span class='ocr_line' id='line_1_38' title="bbox 214 3556 1121 3644; baseline -0.002 -19"><span class='ocrx_word' id='word_1_345' title='bbox 214 3565 248 3625; x_wconf 90' lang='lat' dir='ltr'><strong>P.</strong></span> <span class='ocrx_word' id='word_1_346' title='bbox 270 3567 412 3631; x_wconf 57' lang='lat'><strong>13825.</strong></span> <span class='ocrx_word' id='word_1_347' title='bbox 435 3567 464 3629; x_wconf 89' lang='lat'><strong>1.</strong></span> <span class='ocrx_word' id='word_1_348' title='bbox 486 3556 577 3642; x_wconf 81' lang='grc' dir='ltr'><strong><em>εἶναι]</em></strong></span> <span class='ocrx_word' id='word_1_349' title='bbox 597 3561 901 3644; x_wconf 77' lang='lat' dir='ltr'><strong>Expunxitllekker.</strong></span> <span class='ocrx_word' id='word_1_350' title='bbox 922 3583 1084 3624; x_wconf 74' lang='lat' dir='ltr'><strong>senemr:</strong></span> <span class='ocrx_word' id='word_1_351' title='bbox 1116 3624 1121 3633; x_wconf 76' lang='grc'><em>,</em></span> 
     </span>
     <span class='ocr_line' id='line_1_39' title="bbox 213 3661 1235 3769; baseline -0.002 -37"><span class='ocrx_word' id='word_1_352' title='bbox 213 3672 247 3732; x_wconf 84' lang='grc' dir='ltr'><strong>Ρ.</strong></span> <span class='ocrx_word' id='word_1_353' title='bbox 270 3673 362 3767; x_wconf 57' lang='grc'><strong>1383.</strong></span> <span class='ocrx_word' id='word_1_354' title='bbox 382 3686 412 3729; x_wconf 83' lang='lat' dir='ltr'><strong>v.</strong></span> <span class='ocrx_word' id='word_1_355' title='bbox 427 3675 464 3735; x_wconf 57' lang='lat'><strong>2⁶</strong></span> <span class='ocrx_word' id='word_1_356' title='bbox 487 3661 582 3749; x_wconf 68' lang='grc' dir='ltr'><strong><em>οίσσῆν</em></strong></span> <span class='ocrx_word' id='word_1_357' title='bbox 601 3701 638 3715; x_wconf 90' lang='grc'><strong>-·</strong></span> <span class='ocrx_word' id='word_1_358' title='bbox 655 3666 794 3769; x_wconf 56' lang='lat' dir='ltr'><strong>ccliiiv]</strong></span> <span class='ocrx_word' id='word_1_359' title='bbox 821 3668 857 3729; x_wconf 84' lang='lat' dir='ltr'><strong>V.</strong></span> <span class='ocrx_word' id='word_1_360' title='bbox 878 3679 942 3730; x_wconf 84' lang='lat' dir='ltr'><strong>not.</strong></span> <span class='ocrx_word' id='word_1_361' title='bbox 964 3670 1002 3730; x_wconf 87' lang='lat' dir='ltr'><strong>ed</strong></span> <span class='ocrx_word' id='word_1_362' title='bbox 1024 3688 1055 3752; x_wconf 89' lang='lat' dir='ltr'><strong>p.</strong></span> <span class='ocrx_word' id='word_1_363' title='bbox 1078 3672 1184 3746; x_wconf 66' lang='lat'><strong>1312.</strong></span> <span class='ocrx_word' id='word_1_364' title='bbox 1202 3673 1235 3734; x_wconf 89' lang='grc'><strong>9.</strong></span> 
     </span>
     <span class='ocr_line' id='line_1_40' title="bbox 129 3776 1030 3817; baseline -0.002 0"><span class='ocrx_word' id='word_1_365' title='bbox 129 3776 290 3817; x_wconf 73' lang='lat' dir='ltr'><strong>renierus.</strong></span> <span class='ocrx_word' id='word_1_366' title='bbox 867 3788 870 3793; x_wconf 95' lang='lat'>·</span> <span class='ocrx_word' id='word_1_367' title='bbox 1027 3790 1030 3797; x_wconf 92' lang='lat'>·</span> 
     </span>
    </p>
   </div>
   <div class='ocr_carea' id='block_1_7' title="bbox 115 3850 1234 4043">
    <p class='ocr_par' dir='ltr' id='par_1_8' title="bbox 115 3850 1234 4043">
     <span class='ocr_line' id='line_1_41' title="bbox 213 3850 1234 3942; baseline -0.008 -15"><span class='ocrx_word' id='word_1_368' title='bbox 213 3864 246 3923; x_wconf 85' lang='lat' dir='ltr'><strong>P·</strong></span> <span class='ocrx_word' id='word_1_369' title='bbox 269 3864 361 3928; x_wconf 73' lang='lat'><strong>1389.</strong></span> <span class='ocrx_word' id='word_1_370' title='bbox 381 3880 411 3920; x_wconf 81' lang='lat' dir='ltr'><strong>v·</strong></span> <span class='ocrx_word' id='word_1_371' title='bbox 433 3866 463 3926; x_wconf 83' lang='lat'><strong>2.</strong></span> <span class='ocrx_word' id='word_1_372' title='bbox 484 3858 619 3941; x_wconf 76' lang='grc' dir='ltr'><strong><em>πσίίιιν]</em></strong></span> <span class='ocrx_word' id='word_1_373' title='bbox 641 3857 803 3940; x_wconf 67' lang='grc' dir='ltr'><strong><em>[πολίτην]</em></strong></span> <span class='ocrx_word' id='word_1_374' title='bbox 825 3850 944 3924; x_wconf 70' lang='grc' dir='ltr'><strong><em>ιἰοίῖιιν</em></strong></span> <span class='ocrx_word' id='word_1_375' title='bbox 957 3883 1013 3942; x_wconf 88' lang='lat' dir='ltr'><strong>por</strong></span> <span class='ocrx_word' id='word_1_376' title='bbox 1025 3885 1046 3937; x_wconf 83' lang='grc' dir='ltr'><strong>ι,</strong></span> <span class='ocrx_word' id='word_1_377' title='bbox 1068 3859 1234 3921; x_wconf 80' lang='lat' dir='ltr'><strong>foeminino</strong></span> 
     </span>
     <span class='ocr_line' id='line_1_42' title="bbox 115 3945 1234 4043; baseline -0.011 -31"><span class='ocrx_word' id='word_1_378' title='bbox 115 3968 245 4043; x_wconf 32' lang='lat' dir='ltr'><strong>,genere</strong></span> <span class='ocrx_word' id='word_1_379' title='bbox 266 3966 369 4008; x_wconf 78' lang='lat' dir='ltr'><strong>wora.</strong></span> <span class='ocrx_word' id='word_1_380' title='bbox 389 3946 435 4006; x_wconf 80' lang='lat' dir='ltr'><strong>Ita</strong></span> <span class='ocrx_word' id='word_1_381' title='bbox 451 3945 526 4006; x_wconf 82' lang='lat' dir='ltr'><strong>etliti</strong></span> <span class='ocrx_word' id='word_1_382' title='bbox 539 3945 683 4027; x_wconf 81' lang='lat' dir='ltr'><strong>MStique.</strong></span> <span class='ocrx_word' id='word_1_383' title='bbox 704 3966 836 4007; x_wconf 69' lang='lat' dir='ltr'><strong>rumor.</strong></span> <span class='ocrx_word' id='word_1_384' title='bbox 856 3946 1094 4031; x_wconf 52' lang='lat' dir='ltr'><strong>vulmarum.</strong></span> <span class='ocrx_word' id='word_1_385' title='bbox 1116 3951 1234 4033; x_wconf 58' lang='grc' dir='ltr'><strong>πολῖτιν</strong></span> 
     </span>
    </p>
   </div>
   <div class='ocr_carea' id='block_1_8' title="bbox 138 4106 338 4128">
    <p class='ocr_par' dir='ltr' id='par_1_9' title="bbox 138 4106 338 4128">
     <span class='ocr_line' id='line_1_43' title="bbox 138 4106 338 4128; baseline -0.01 -8"><span class='ocrx_word' id='word_1_386' title='bbox 138 4106 338 4128; x_wconf 46' lang='grc' dir='ltr'><strong><em>μ</em></strong></span> 
     </span>
    </p>
   </div>
   <div class='ocr_carea' id='block_1_9' title="bbox 121 4194 1233 4339">
    <p class='ocr_par' dir='ltr' id='par_1_10' title="bbox 121 4194 1233 4339">
     <span class='ocr_line' id='line_1_44' title="bbox 121 4194 783 4269; baseline -0.006 -14"><span class='ocrx_word' id='word_1_387' title='bbox 121 4229 123 4245; x_wconf 75' lang='grc' dir='ltr'><strong><em>ι</em></strong></span> <span class='ocrx_word' id='word_1_388' title='bbox 163 4203 188 4269; x_wconf 79' lang='lat'><strong>*)</strong></span> <span class='ocrx_word' id='word_1_389' title='bbox 206 4207 287 4255; x_wconf 84' lang='lat' dir='ltr'><strong>Immo</strong></span> <span class='ocrx_word' id='word_1_390' title='bbox 305 4194 392 4253; x_wconf 78' lang='lat' dir='ltr'><strong>lalana.</strong></span> <span class='ocrx_word' id='word_1_391' title='bbox 412 4213 549 4250; x_wconf 74' lang='lat' dir='ltr'><strong>scnium.</strong></span> <span class='ocrx_word' id='word_1_392' title='bbox 781 4247 783 4251; x_wconf 88' lang='lat'><strong>.</strong></span> 
     </span>
     <span class='ocr_line' id='line_1_45' title="bbox 161 4265 1233 4339; baseline -0.004 -15"><span class='ocrx_word' id='word_1_393' title='bbox 161 4271 205 4339; x_wconf 77' lang='grc'><strong>**)</strong></span> <span class='ocrx_word' id='word_1_394' title='bbox 227 4272 334 4324; x_wconf 87' lang='lat' dir='ltr'><strong>Scilicet</strong></span> <span class='ocrx_word' id='word_1_395' title='bbox 352 4287 410 4320; x_wconf 85' lang='lat' dir='ltr'><strong>cum</strong></span> <span class='ocrx_word' id='word_1_396' title='bbox 427 4268 473 4319; x_wconf 84' lang='lat' dir='ltr'><strong>ille</strong></span> <span class='ocrx_word' id='word_1_397' title='bbox 491 4267 613 4319; x_wconf 81' lang='lat' dir='ltr'><strong>Reiskius</strong></span> <span class='ocrx_word' id='word_1_398' title='bbox 631 4267 766 4337; x_wconf 71' lang='lat' dir='ltr'><strong>scriberet,</strong></span> <span class='ocrx_word' id='word_1_399' title='bbox 784 4266 902 4333; x_wconf 79' lang='lat' dir='ltr'><strong>nondum</strong></span> <span class='ocrx_word' id='word_1_400' title='bbox 920 4265 944 4318; x_wconf 87' lang='lat' dir='ltr'><strong>ei</strong></span> <span class='ocrx_word' id='word_1_401' title='bbox 961 4266 988 4318; x_wconf 89' lang='lat' dir='ltr'><strong>in</strong></span> <span class='ocrx_word' id='word_1_402' title='bbox 1004 4279 1117 4322; x_wconf 85' lang='lat' dir='ltr'><strong>mentem</strong></span> <span class='ocrx_word' id='word_1_403' title='bbox 1126 4275 1233 4324; x_wconf 78' lang='lat' dir='ltr'><strong>venerut</strong></span> 
     </span>
    </p>
   </div>
   <div class='ocr_carea' id='block_1_10' title="bbox 212 4333 1085 4411">
    <p class='ocr_par' dir='ltr' id='par_1_11' title="bbox 212 4333 1085 4411">
     <span class='ocr_line' id='line_1_46' title="bbox 212 4333 1085 4411; baseline -0.005 -17"><span class='ocrx_word' id='word_1_404' title='bbox 212 4351 275 4411; x_wconf 82' lang='lat' dir='ltr'><strong>post</strong></span> <span class='ocrx_word' id='word_1_405' title='bbox 291 4333 386 4394; x_wconf 81' lang='grc' dir='ltr'><strong><em>διινδν</em></strong></span> <span class='ocrx_word' id='word_1_406' title='bbox 400 4337 526 4391; x_wconf 78' lang='lat' dir='ltr'><strong>infercire</strong></span> <span class='ocrx_word' id='word_1_407' title='bbox 542 4338 698 4409; x_wconf 68' lang='lat' dir='ltr'><strong>perticulam</strong></span> <span class='ocrx_word' id='word_1_408' title='bbox 714 4337 928 4391; x_wconf 76' lang='grc' dir='ltr'><strong>αοοδίιίοαοίαοι.</strong></span> <span class='ocrx_word' id='word_1_409' title='bbox 944 4354 1085 4391; x_wconf 77' lang='lat' dir='ltr'><strong>eruum.</strong></span> 
     </span>
    </p>
   </div>
   <div class='ocr_carea' id='block_1_11' title="bbox 0 0 1380 4754">
    <p class='ocr_par' dir='ltr' id='par_1_12' title="bbox 0 0 1380 4754">
     <span class='ocr_line' id='line_1_47' title="bbox 0 0 1380 4754; baseline 0 4"><span class='ocrx_word' id='word_1_410' title='bbox 0 0 1380 4754; x_wconf 95' lang='lat' dir='ltr'><strong> </strong></span> 
     </span>
    </p>
   </div>
  </div>
 </body>
</html>
