2752 4754
358 225 418 287 ao
441 222 726 289 anemonen
746 195 1015 289 sunaanan.
1179 227 1242 294 605

138 405 228 462 tueor
238 396 406 478 Hesychius
419 392 621 479 προσήλυτον,
635 391 768 474 ἔποικον,
779 393 799 459 o‘
810 393 863 458 καὶ
879 391 1025 476 μέτοικος,
1039 394 1242 459 suetereSui-

139 485 192 558 da,
211 478 365 566 ἐπήλυδας
381 481 487 558 ξένους
506 481 613 546 νεωστὶ
636 478 767 545 ἄλλοθεν
787 476 943 558 ἐλθόντας,
958 480 1129 555 ἐπιλέκτους
1142 476 1171 562 ἦ.
1184 474 1243 544 oties

138 569 291 650 ἰθαγενεῖς
303 569 530 646 interpretatur,
551 567 611 641 beo
626 575 680 642 eat,
702 567 865 643 advenam,
887 566 1086 647 inquilinum,
1109 566 1242 646 hospites

137 672 237 733 nuper
249 653 370 713 aliunde
386 653 446 713 huc
461 646 626 732 profectos,
648 651 777 711 adscitos
792 661 921 711 autnon
936 652 1101 730 indigenas.
1122 652 1243 713 Estau-

137 747 197 798 tem
209 735 364 820 ἰθαγενής
384 736 403 800 0‘
420 737 556 801 ἐνταῦθα
574 735 752 820 γεννηθεὶς,
774 729 952 816 αὐτόχθων,
972 733 1097 818 γνήσιος
1112 742 1202 813 κοῖς,
1224 732 1244 799 d

137 817 345 902 oidreiorpoaev
359 822 435 902 iqua
449 818 482 885 sd
493 819 588 903 γένος,
610 820 643 879 id
657 828 717 894 est,
738 818 791 878 hic
805 831 905 898 natus,
921 821 1070 900 indigena,
1078 841 1243 901 ,germanus

136 907 228 984 filius,
246 909 427 986 incorrupte
440 925 547 984 genere
564 914 658 965 ortus.
682 904 741 966 Sed
754 905 794 965 ad
807 926 882 966 rem.
905 906 937 964 Si
951 903 1005 982 adr
1023 903 1173 988 innititur
1189 898 1244 969 nd,

137 997 199 1066 λεις
212 990 401 1051 adventitiae
415 990 504 1048 urbes
519 1010 661 1070 exponas,
673 989 807 1070 ineptum
820 991 928 1051 fuerit:
950 992 998 1050 sin
1013 989 1161 1072 ἐπηλυτοῖς
1176 1010 1243 1050 cum

138 1087 264 1149 accerrtu
278 1077 312 1135 in
327 1076 433 1137 ultinn
445 1076 562 1155 passive
574 1076 672 1154 legas,
697 1076 783 1155 quasi
800 1077 942 1136 adventas
957 1077 1061 1154 urbes,
1083 1075 1129 1160 (si
1144 1077 1186 1135 ita
1201 1075 1244 1133 li·

139 1171 204 1222 ceat
221 1156 342 1243 dicere)
362 1162 413 1220 vel
428 1161 461 1220 in
477 1181 549 1241 quas
563 1161 727 1221 adventum
744 1171 789 1221 eat
802 1163 839 1223 ab
857 1162 940 1237 aliis,
962 1160 1022 1222 hoc
1038 1171 1098 1238 est,
1120 1162 1153 1220 in
1168 1180 1242 1239 quas

105 1255 108 1260 '
139 1248 191 1306 alii
205 1248 401 1324 advenerunt,
422 1246 504 1307 idem
520 1246 580 1306 erit
592 1247 674 1326 quod
688 1242 835 1324 οἷποικίοι,
857 1245 1001 1306 coloniae.
1036 1246 1126 1320 Quod
1145 1246 1170 1304 si
1182 1246 1243 1305 du-

138 1333 203 1394 rius
220 1331 380 1406 videbitur,
401 1340 517 1391 mutato
530 1332 693 1393 verborum
707 1332 830 1410 urdine,
852 1329 923 1407 κους
939 1329 995 1411 μὲν
1013 1327 1165 1412 ἐπήλυδας
1182 1329 1243 1412 (sic

138 1418 217 1477 enim
232 1416 470 1477 babetdldinnm
487 1417 643 1497 exemplar
663 1438 719 1495 per
735 1419 763 1494 d,
779 1438 842 1476 non
859 1439 915 1497 per
927 1415 955 1496 τ)
973 1412 1118 1491 ἐλθόντος
1133 1417 1176 1489 εἰς
1189 1411 1243 1488 τοὶς
1287 1430 1288 1434 ’

137 1496 249 1577 πόλεις.
272 1523 330 1578 aas,
356 1505 412 1582 qui
425 1501 554 1561 aliunde
567 1506 600 1560 in
615 1505 756 1562 civitates
772 1514 928 1562 venerunt
955 1502 1014 1561 Sed
1036 1523 1091 1581 ego
1109 1500 1245 1560 Brucioli

137 1587 254 1649 retineo
267 1586 442 1662 lectionem,
465 1588 648 1667 transposito
663 1597 780 1647 tantum
794 1597 937 1663 accentu,
959 1583 1032 1659 esdr
1049 1589 1092 1661 εἰς
1106 1584 1161 1660 τοὶς
1172 1585 1243 1664 ἔπη·

137 1669 229 1748 tussis
242 1667 353 1748 πόλεις,
373 1671 434 1732 boc
448 1681 502 1749 est,
524 1673 568 1746 εἷς
581 1666 734 1748 ἀποικίας,
755 1676 810 1750 qai
817 1675 950 1752 profecti
964 1674 1083 1730 suntin
1097 1673 1242 1730 colonias.

137 1778 237 1817 wore.
258 1760 344 1817 Anne
360 1757 420 1817 hoc
434 1757 642 1837 antiquitatem
657 1757 774 1839 sapisti
796 1759 832 1819 V.
841 1756 1011 1838 Hesychius
1023 1757 1056 1817 in
1065 1751 1243 1836 Ἐπήλυὸος.

134 1864 280 1904 uernam
291 1842 419 1903 Videtur
433 1841 484 1901 hic
500 1843 616 1922 aliquid
628 1844 738 1902 deesse.
754 1844 892 1904 Fortasse
903 1843 1063 1921 legendum
1075 1843 1119 1914 εἰς
1127 1838 1181 1915 τοὶς
1194 1837 1244 1902 iit-

137 1933 199 1991 inv
214 1923 366 2011 insiluisse
378 1960 431 1989 -.
448 1939 653 2008 posteaquam
669 1929 803 1987 aliarum
812 1932 846 1987 in
858 1931 998 1987 civitates
1011 1931 1158 1988 venissent
1170 1938 1242 2001 tan7

102 2063 105 2066 ⁴
139 2035 235 2095 quana
250 2012 423 2090 adventitii,
444 2014 602 2094 inquilini.
620 2013 836 2089 Valckenarius
848 2012 939 2072 simili
951 2013 1042 2073 modo
1056 2012 1156 2095 ἑτέρας
1168 2032 1243 2092 sup-

136 2100 203 2180 plet
218 2099 376 2158 Animadv.
393 2098 432 2158 ad
446 2099 585 2158 Ammon.
600 2119 631 2177 p.
648 2101 717 2165 28.:
741 2099 785 2173 εἷς
798 2097 899 2180 ἑτέρας
913 2093 1066 2179 ἐπήλυδος
1080 2133 1130 2158 -.
1144 2094 1244 2156 aaran.

138 2183 333 2244 Valckenarii
349 2193 552 2243 commentum
562 2183 629 2245 iure
641 2182 794 2262 improbat
805 2184 978 2243 vindemius
988 2185 1114 2264 praelat.
1122 2205 1153 2263 p.
1161 2182 1243 2242 XlV.

136 2269 205 2350 Ipse
219 2269 317 2329 dedit:
340 2265 413 2342 rotis
429 2266 486 2349 μὲν
501 2264 655 2348 ἐπήλυδας
668 2264 815 2343 ἐλθόντας
828 2269 872 2343 εἰς
886 2264 940 2343 τοὶς
955 2265 1066 2343 πόλεις.
1091 2269 1175 2341 Quae
1187 2288 1244 2327 vo·
1313 2292 1314 2297 ¹

114 2402 117 2407 .
138 2354 317 2420 cabalorum
333 2354 527 2435 transpositio
545 2355 605 2412 iam
624 2353 735 2412 Wolfio
749 2352 781 2412 in
797 2363 1075 2414 mentemvenerat.
1114 2354 1158 2412 Aa
1172 2371 1244 2412 sane

90 2490 92 2497 .
136 2438 290 2499 lenissima
303 2438 378 2499 haec
391 2449 436 2501 eet
449 2438 613 2514 medicina,
637 2436 717 2519 (nam
736 2448 771 2498 ut
783 2437 908 2498 habeam
924 2460 980 2519 pro
996 2437 1164 2518 periculosa
1179 2458 1244 2496 non

122 2525 268 2606 ‚pervicit
297 2524 445 2604 quidquid
477 2523 577 2584 adhuc
597 2524 744 2603 scriptum
773 2532 817 2582 est
840 2533 947 2583 contra
968 2523 1108 2598 Porsoni,
1140 2520 1244 2581 critici

136 2612 230 2670 unius
249 2610 383 2669 omnium
397 2610 486 2688 longe
498 2609 648 2687 longeque
668 2607 833 2666 cautissimi
847 2605 889 2686 *)‚
903 2609 940 2668 de
957 2607 1242 2687 transpositionibus

137 2694 323 2770 doctrinam,
344 2714 441 2772 neque
448 2738 457 2770 ‚
480 2693 604 2774 opinor,
626 2693 784 2772 pervincet
795 2693 945 2773 quidquid
956 2693 989 2752 in
1000 2702 1152 2774 posterum
1164 2692 1245 2751 scri-

136 2775 255 2860 betur‚)
279 2779 305 2838 si
321 2778 442 2858 quidem
454 2779 541 2841 locus
553 2776 670 2857 indiget
687 2778 862 2840 medicinae.
903 2778 995 2855 Quod
1016 2778 1131 2840 dubito.
1167 2777 1243 2839 Nam

178 3136 203 3207 '³
222 3138 288 3261 {tt
305 3133 700 3260 iiiiliiiiibiiiiid
715 3133 1168 3277 littittt‘l’tnt'i'ss‘tt
1181 3130 1244 3253 :tit

221 3277 320 3350 people
333 3227 421 3345 miglis
431 3290 572 3347 transpose
585 3293 618 3327 aa
629 3226 694 3344 mg
705 3277 805 3330 linear
838 3229 946 3330 scilibet
958 3279 986 3329 iu
999 3275 1097 3327 Critiae
1111 3271 1177 3324 nihil
1190 3287 1243 3321 non

227 3357 268 3398 est
282 3349 474 3412 periculosum,
492 3349 514 3397 si
529 3347 598 3397 hane
610 3355 693 3399 artem
707 3347 816 3398 incaute
828 3357 985 3399 connectes.
1019 3344 1158 3397 Enimvero
1177 3357 1245 3408 quo·

225 3415 304 3466 mode
321 3414 348 3465 in
366 3433 396 3466 ea
409 3415 565 3466 versandum
581 3415 617 3465 sit
631 3432 708 3466 nemo
723 3416 834 3469 discate
848 3416 957 3484 regulis,
975 3431 1083 3485 quarum
1097 3411 1140 3462 vel
1149 3409 1245 3461 obser-

225 3483 426 3536 vantissimusiu
440 3502 543 3536 errores
556 3501 635 3550 saepe
646 3485 754 3549 incidat,
769 3485 816 3536 sed
830 3503 876 3536 sua
889 3503 1018 3554 quemque
1031 3475 1157 3548 ἀγχίνοια
1173 3494 1244 3530 com·

226 3552 307 3620 pedes
328 3569 381 3604 non
399 3553 503 3621 patiens
517 3569 549 3605 ae
566 3555 742 3605 Personarum
760 3554 879 3621 exempla
898 3555 995 3605 dooere
1015 3552 1122 3603 debent.
1140 3574 1176 3586 -
1204 3551 1244 3599 De
1271 3562 1274 3567 ·

225 3621 345 3672 Persona
364 3621 483 3690 loquenti
502 3620 621 3674 venitin
640 3633 755 3679 mentem
776 3627 848 3691 qnod
866 3624 895 3674 in
907 3624 1021 3690 Anglum
1041 3637 1124 3687 nuper
1136 3617 1246 3671 iactavit

226 3692 399 3741 Buttmannns
420 3691 507 3745 Lexil.
528 3692 561 3743 Τ.
571 3691 607 3741 ΙΙ.
627 3707 655 3757 p·
671 3690 733 3743 272.
755 3690 937 3743 stomachatus
955 3693 1025 3743 enim
1039 3688 1201 3740 oxonienses
1216 3687 1244 3737 in

225 3759 372 3826 Toupieuis
387 3758 502 3811 edidisse
516 3775 583 3828 qnae
597 3757 708 3825 indigna
723 3758 777 3811 sint
788 3759 862 3824 luce,
881 3766 956 3824 „Zur
969 3757 1087 3829 Strofe“
1106 3759 1145 3808 sit
1161 3756 1246 3818 „dass

225 3830 332 3879 Person
352 3828 469 3880 saalles
484 3828 716 3899 taraugegeten,
738 3830 776 3880 ist
794 3847 852 3880 nun
873 3830 943 3881 aucis
962 3847 1016 3880 υοη
1035 3828 1134 3878 diesem
1151 3825 1245 3886 nieles,
1319 3814 1337 3874 ι’

226 3897 313 3948 nieles
324 3898 457 3966 gedrnctst
468 3898 593 3949 worden!
601 3899 618 3923 ‘⁶
636 3896 714 3949 Unde
726 3914 789 3949 vero
804 3898 912 3950 taudem
924 3896 1031 3950 rescivit
1042 3894 1153 3948 Porsoni
1169 3892 1245 3962 cnlpd

209 3964 326 4038 ¹iactum
346 3983 417 4030 esse,
434 3972 465 4017 ut
483 3965 547 4019 talia
567 3963 728 4017 ederentur?
752 3968 852 4032 Legat,
871 3984 985 4036 quaeso,
1009 3963 1244 4033 praelationem‘in

227 4033 336 4084 aedibus
357 4034 573 4086 clarendonianis
599 4034 723 4101 scriptam
747 4034 883 4104 iqniueque
903 4035 1015 4087 Porsoni
1040 4031 1244 4102 praemonitum:

227 4120 287 4154 nam
306 4103 369 4153 hinc
388 4104 452 4153 satis
473 4119 602 4171 superque
623 4112 745 4169 apparet,
764 4120 830 4171 qnae
846 4105 893 4154 illo
910 4104 937 4154 in
952 4121 1031 4172 opere
1044 4112 1132 4170 partes
1146 4100 1246 4151 suerint

228 4171 349 4236 Magistri
365 4172 468 4222 Artium
485 4171 716 4237 cantabrigiensis.
751 4171 905 4223 Huiusmodi
920 4172 1018 4224 iactare
1035 4188 1114 4222 voces
1134 4170 1245 4220 multum

229 4237 308 4290 doleo
325 4241 508 4303 heumannus,
526 4240 553 4290 h.
572 4258 594 4290 e·
612 4239 793 4291 liberalissimi
812 4241 931 4294 hemines
947 4239 1063 4309 ingenii:
1083 4238 1246 4293 uenderent

229 4307 299 4359 enim
314 4306 367 4360 nisi
384 4308 577 4362 obtrectatores
593 4307 708 4361 neminis
724 4309 896 4364 I’ursorriani.v
907 4326 1048 4367 sanuses.
