2752 4754
340 271 401 333 ln
422 270 558 335 onor.
580 270 766 334 corruo
786 270 1020 338 nalsnrn.
1046 236 1055 263 ¹
1172 276 1237 345 sss

126 440 207 517 tori,
228 439 282 501 nbi
295 439 372 501 nihil
386 441 469 504 aliud
485 462 576 524 quam
588 451 712 522 narrat,
732 441 825 504 licem
839 462 963 505 namra
975 451 1010 504 nt
1022 442 1122 503 solent
1133 442 1236 505 bisto-

126 525 206 586 ricil
228 545 388 588 scussrrr.

211 634 243 693 Ρ.
266 638 362 701 1379.
378 654 408 697 v.
430 635 480 701 15.
503 626 723 714 Πλαταιεῦσιν]
741 633 963 720 [Πλαταιέων]
981 637 1137 697 ltaomnes
1152 638 1236 698 editi.

127 718 254 777 Wollius
269 720 353 779 dedit
370 724 589 796 Πλαταιεῦσιν,
612 739 672 799 quo
692 726 782 798 pacto
802 723 951 800 reperitur
971 723 1006 783 in
1020 724 1115 784 codd.
1131 723 1236 783 Vanet.

127 813 159 863 st
173 804 297 863 Barocc.
311 825 443 865 runos.
465 805 551 883 Vulg.
568 802 767 867 -Πλαταιίσικ
793 809 998 873 Πλαταιεῦσιν
1012 809 1105 870 editio
1123 808 1236 869 Wollii.

127 889 168 949 Et
181 888 227 948 sic
243 890 372 951 correxi.
394 909 492 950 aaran.
1209 924 1214 933 ·

212 994 243 1055 Ρ.
266 997 358 1060 1379.
379 1015 409 1056 r.
431 1000 480 1062 17.
503 994 536 1059 ἰν
550 998 589 1080 τῇ
604 988 701 1079 μοίχῃ]
725 993 813 1073 vulg.
840 995 874 1060 ἐν
895 990 987 1085 μα’χρ.
1021 956 1179 1059 Interserit
1196 1001 1238 1084 τῇ

128 1077 246 1141 Aldina.
268 1079 344 1138 Dedi
361 1079 394 1145 ἰν
407 1084 446 1166 τῇ
459 1074 549 1166 μάχῃ.
571 1098 669 1141 nsrsx.
857 1112 862 1121 ι

213 1187 246 1247 Ρ.
269 1190 361 1257 1379.Ι
382 1206 412 1247 v.
436 1191 485 1253 17.
507 1186 541 1250 ἐν
559 1219 603 1232 -
619 1181 814 1267 ἀπέκτειναν]
837 1185 891 1267 [ἰν
909 1182 1008 1273 μα’χῃ,
1032 1190 1146 1263 ζῦντας
1168 1183 1238 1252 dnt-

128 1271 271 1352 κτιιναν.]
292 1272 586 1353 interpungendum
607 1271 641 1336 ἰν
656 1269 736 1359 μιίχρ
752 1276 874 1349 ζῶντας,
896 1268 1084 1337 οίπέκτειναν.
1102 1295 1197 1335 rosan.

213 1401 246 1461 Ρ.
269 1404 362 1467 1379.
382 1420 412 1461 v.
435 1404 485 1467 18.
507 1397 758 1485 οίπροφασίστως]
787 1400 927 1478 „indicta
948 1399 979 1461 b.
1002 1416 1027 1463 e.
1048 1400 1131 1460 nulla
1157 1400 1238 1461 edita
1262 1476 1288 1483 ,.

129 1505 218 1545 eausa
237 1484 334 1544 belli“
349 1485 415 1546 Ind.
430 1487 592 1548 Graecitat.
613 1508 643 1569 p.
659 1490 710 1554 82.
724 1487 768 1545 in.
790 1486 892 1546 Malim
910 1486 1004 1564 rcctd,
1025 1508 1087 1545 non
1100 1487 1237 1567 amplius

129 1570 257 1653 oblique,
272 1583 306 1630 ut
315 1579 384 1632 ants
392 1572 526 1633 fecerant
535 1566 798 1658 προφασισιίμενοι
810 1566 867 1652 τήν
879 1574 941 1634 anio
956 1572 1100 1654 Θηβαίων
1113 1570 1236 1654 ἔχθραν.

128 1675 285 1717 scamaras.

213 1764 246 1823 P·
269 1766 361 1831 1379.
381 1783 414 1825 v.
436 1754 486 1831 19.
507 1758 544 1826 τῦ
560 1756 617 1828 δῦο
631 1758 718 1847 μέρή]
742 1760 949 1843 duosporter.
972 1761 1031 1823 Sed
1046 1752 1174 1843 quotus?
1199 1756 1237 1843 de

128 1845 253 1909 tribus?
275 1869 314 1909 an
333 1850 370 1908 de
386 1849 539 1929 quatuor?
561 1859 614 1909 aut
631 1851 668 1909 de
685 1859 761 1929 quot
777 1848 921 1908 tandcml
943 1848 1137 1908 Incommode
1158 1848 1238 1909 ratio

128 1932 284 2012 loquendi,
305 1935 351 1994 nil
365 1934 509 1994 definiens
524 1943 553 1995 et
568 1934 783 1995 dubitationem
796 1934 980 2013 relinquens.
1008 1935 1067 1994 Sed
1079 1934 1124 1995 sic
1139 1930 1239 1993 so'lent

131 2019 254 2081 Graeci:
278 2029 308 2079 et
327 2019 464 2081 videone
485 2021 553 2080 loco
572 2018 723 2101 superiori
742 2042 772 2101 p.
795 2019 894 2097 1247,
918 2025 964 2096 1.,
985 2018 1039 2083 ubi
1059 2028 1161 2096 actor,
1185 2016 1240 2098 qui

129 2124 217 2163 reum
239 2098 422 2188 οίπογραφῆς
439 2105 602 2203 peregerit,
625 2104 737 2165 dicitur
756 2099 793 2166 ποί
808 2104 877 2186 τρία
898 2102 974 2185 μέρη
996 2104 1239 2185 proscriptorum

130 2188 175 2248 rei
189 2189 337 2259 bonorum
350 2211 510 2271 accepisse,
532 2190 681 2268 colligere,
700 2210 817 2270 semper
832 2188 865 2248 in
880 2189 990 2249 talibus
1004 2199 1103 2251 totum
1116 2189 1164 2247 illi
1181 2209 1240 2249 nu·
1332 2246 1335 2251 .

95 2296 103 2307 ·
130 2294 231 2352 mero,
254 2275 305 2355 qui
318 2275 468 2335 indicatus
484 2285 544 2351 est,
565 2274 739 2355 proximum
754 2274 919 2352 designari:
942 2282 975 2335 ut
998 2295 1014 2335 a
1035 2273 1153 2349 binario
1175 2293 1239 2334 nu-

130 2378 231 2419 merus
244 2370 289 2418 est
306 2360 465 2442 proximus
477 2360 625 2420 ternarius
637 2358 669 2420 et
686 2360 819 2420 ternario
838 2359 995 2439 proximus
1011 2368 1058 2419 est
1075 2368 1239 2438 quaterna-

129 2442 202 2504 rius.
242 2447 316 2504 Cum
338 2467 408 2527 ergo
424 2442 461 2508 τοί
479 2439 537 2509 δῦο
554 2444 630 2528 μέρη
652 2447 860 2526 appellantur,
883 2444 1062 2505 subauditur
1075 2446 1112 2506 de
1131 2444 1238 2523 tribus,

131 2539 162 2588 et
176 2551 245 2590 cnm
258 2528 294 2593 τοί
308 2532 377 2616 ’τρία
391 2528 477 2615 μέρη,
499 2529 676 2591 subauditur
689 2531 727 2590 de
744 2538 880 2615 quatuor.
901 2548 999 2590 aman.

216 2661 248 2720 P·
272 2662 363 2729 1379.
384 2651 415 2719 ¹v.
436 2663 487 2727 21.
508 2656 682 2737 Μαλιεῦσι]
711 2656 800 2718 Varie
825 2658 857 2716 in
882 2658 1104 2739 exemplaribus
1125 2665 1240 2721 nostris

131 2755 291 2819 exaratur,
312 2745 346 2802 in
364 2743 523 2813 nonnullis
541 2762 630 2805 voces
649 2742 703 2807 καλ
716 2736 843 2806 Αἰνιιίσι
858 2743 976 2805 desunt.
1004 2744 1100 2822 Certe,
1121 2745 1146 2804 ai
1162 2745 1240 2807 ints·

131 2850 185 2908 gra
200 2828 239 2887 sit
252 2828 373 2903 vulgata
387 2828 488 2904 lectio,
513 2827 672 2908 scriptoris
684 2826 771 2885 istius
784 2827 874 2886 fidem
892 2829 924 2887 id
942 2830 1049 2888 merito
1065 2830 1167 2891 levare
1183 2851 1240 2910 po-

131 2922 207 2989 test,
225 2915 291 2976 cuin
309 2912 417 2993 haqun
433 2914 590 2975 civitatum
610 2912 684 2977 elias
704 2911 737 2971 in
752 2912 813 2971 fide
828 2934 945 2992 sompes·
963 2915 1081 2973 videam
1097 2935 1240 2995 perseve-

131 3019 212 3060 rasse
231 2997 479 3073 Atheniensium,
503 2999 575 3058 alias
591 2997 686 3059 serius
701 2997 735 3056 in
752 2997 1054 3073 Lacedaemoniorum
1076 3000 1240 3063 amicitiam

131 3092 289 3165 receptos,
312 3078 399 3162 quim
418 3082 493 3143 haec
509 3093 576 3145 acta
591 3081 660 3143 sint.
682 3102 814 3145 runos.

218 3193 249 3251 Ρ.
273 3195 365 3257 1379.
386 3209 416 3249 v.
438 3197 489 3257 22.
511 3188 648 3269 Αἰνιᾶσι]
669 3186 795 3253 Αίνιοίσι
815 3178 917 3251 Rdisk.
936 3146 1097 3252 sumeres.

218 3299 249 3358 P.
273 3301 365 3362 1379.
386 3315 416 3356 V.
438 3297 489 3371 25.
511 3292 692 3376 βοῦλιιντο,]
706 3295 1048 3376 Hypostigmendelevit
1061 3298 1241 3376 Bakker.,ut

135 3375 293 3464 βούλοιντο
310 3391 395 3459 regat
408 3381 578 3441 infinitivos
593 3382 645 3460 qui
660 3388 838 3459 sequuntur.
867 3384 918 3443 Sic
934 3385 1076 3444 Wolfius:
1097 3388 1240 3443 aciacita-
1256 3386 1259 3391 ’
1340 3442 1342 3447 ,

134 3470 256 3543 banton,
279 3489 355 3526 ιιιικι
370 3467 474 3527 urbem
490 3465 596 3525 dedere
609 3468 731 3542 vellent,
745 3500 797 3527 ··-.
830 3468 907 3529 Mihi
926 3470 1070 3530 videntur
1093 3471 1241 3531 infinitivi

133 3553 266 3634 pendere
287 3553 324 3611 ab
341 3552 534 3615 antecedente
552 3551 776 3657 ἐπηγγέλλοντο.
817 3552 988 3614 Herodotus
1006 3556 1056 3614 IV.
1077 3561 1150 3621 200.
1172 3555 1241 3625 tao.

135 3634 273 3720 λιδρκεον
287 3633 345 3716 τήν
358 3631 443 3699 πόλιν
458 3636 706 3717 ἕπαγγελλομενοι
723 3632 873 3700 ἐκδιδόναι
891 3636 964 3712 τοῦς
980 3641 1095 3711 αἰτίους
1111 3644 1168 3701 τοῦ
1181 3634 1240 3718 φῦ.

134 3747 193 3786 νου
206 3756 259 3782 ·÷-.
282 3723 342 3796 Qui
356 3723 444 3781 locus
457 3722 546 3782 docet
561 3722 635 3801 quid
650 3721 864 3804 ἐπηγγέλλοντο
879 3724 1037 3803 significet.
1058 3745 1219 3785 susurru.

221 3852 255 3912 P.
279 3855 369 3923 1379,
389 3869 419 3908 v.
442 3849 493 3924 25.
513 3845 571 3931 τήν
587 3847 642 3938 μίν
658 3844 746 3915 πδλιν
758 3848 810 3928 -]
832 3851 913 3910 Haec
927 3854 1100 3917 inaccurate
1112 3863 1143 3913 et
1156 3852 1242 3913 indi-⁴

137 3939 247 3999 stinete
262 3935 298 3994 ab
317 3945 438 3994 anctore
454 3944 559 3995 nostro
573 3936 748 3999 traduntur.
770 3934 971 4015 Thucydides,
992 3938 1075 3997 unde
1089 3948 1151 3997 tota
1165 3938 1240 3998 baec

137 4026 175 4085 de
188 4020 407 4082 Plataeensibus
420 4018 546 4078 historin
564 4020 747 4094 desumitur,
769 4020 811 4077 ita
822 4020 911 4080 babet
924 4022 960 4081 ll.
983 4028 1050 4089 72:
1070 4020 1169 4105 Ὑμεῖς
1184 4019 1240 4089 πό.

137 4115 187 4172 λιν
204 4105 256 4169 καί
271 4106 369 4178 οἰκίας
384 4103 535 4182 παριίδοτε1
551 4103 626 4187 ρ’μῖν
639 4112 703 4178 τοῖς
716 4106 985 4192 Λακεδαιμονίοις,
1004 4107 1056 4177 καί
1073 4114 1131 4190 γῆς
1147 4104 1240 4191 donoc

138 4191 323 4265 οἰποδιίξατε,
344 4187 395 4251 καί
413 4188 522 4271 δένδρα
537 4184 662 4271 ιίριθμιί
675 4186 712 4251 τῦ
730 4187 867 4273 ῦμίτερα,
888 4190 940 4254 καί
955 4189 1038 4269 ίίλλο,
1061 4195 1091 4256 εἰ
1105 4218 1134 4254 τι
1149 4195 1239 4258 δυνα-

137 4275 190 4342 τδν
206 4277 248 4350 εἰς
267 4269 403 4357 οἰριθμδν
421 4274 538 4337 ἐλθεῖν·
562 4254 650 4337 αῦτοί
670 4272 703 4337 δὲ
721 4270 965 4357 μεταχωρήσατε,
990 4272 1063 4340 ὅποι
1082 4274 1241 4360 βούλεσθε,

140 4364 196 4439 ἕως
210 4357 250 4426 δν
268 4359 285 4426 δ
301 4355 432 4441 πόλεμος
448 4352 485 4453 ᾖ·
505 4356 628 4427 ἐπειδᾶν
643 4357 677 4427 δὲ
690 4356 829 4446 παρίλδρ
838 4406 848 4439 ,
869 4354 1077 4444 testerepo.
1108 4361 1191 4448 μέχρι
1207 4360 1242 4427 δί
