2752 4754
332 180 398 274 'sn
423 212 767 302 osan-:course
788 212 1022 279 retentu.
1169 169 1233 287 teo

133 383 262 443 ¹Videtur
277 401 347 460 ergo
361 382 573 443 hortatoriis
585 384 669 443 nefas
684 382 778 443 fuisse
787 377 953 462 victimam,
961 382 1081 467 ἱερεῖον,
1097 341 1232 464 caedere,

91 482 94 487 ·
134 487 203 527 cum
221 466 325 546 utique
340 470 476 549 frugibus
492 478 523 528 et
535 469 575 529 ob
592 471 691 548 fruges
706 470 830 529 domum
852 479 1053 551 comportatas
1076 491 1161 530 sacra
1173 471 1232 532 fio·

131 562 219 613 rent:
243 573 338 632 eoque
352 555 481 615 nomine·
494 555 587 615 luisse
598 575 724 635 poenes„
739 554 986 635 hierophantam,
1009 553 1109 635 quod,
1130 557 1231 635 patrio

109 638 197 697 ¹ritu
219 641 373 718 neglecto,
403 639 845 720 Sinopaemeretricioperam
866 641 1016 720 praestitit
1038 640 1232 721 eiusquevi·
1328 660 1331 667 “

133 725 256 782 etimam
272 725 310 783 ad
325 745 405 783 aram
419 725 599 783 Eleusiniam
613 726 765 785 mactavit.
787 727 919 784 ruruon.
940 727 1052 785 Eadem
1069 727 1140 801 fere,
1155 746 1231 806 quae

131 810 335 890 produximus
358 829 396 868 ex
417 809 604 884 Phavorino,
626 809 716 869 habet
739 810 872 868 Lexicon
893 811 1017 870 Coislin.
1039 811 1121 890 apud
1134 800 1232 871 Mont-

131 893 327 957 saucon.n.4.
336 903 475 975 v.,prout
490 892 665 953 emendatur
678 895 714 953 ab
723 894 877 953 Hadriano
885 895 1016 975 Heringa
1025 897 1150 969 Obserr.
1158 897 1231 971 cris.

131 999 163 1060 Ρ.
181 979 251 1044 153.
267 999 346 1037 auru
361 981 394 1036 in
407 977 554 1050 Schedia„
565 979 737 1057 Legendum
750 981 874 1039 videtur
885 974 1008 1053 Ἁλώοις
1016 1026 1025 1055 ,
1046 990 1083 1041 ut
1097 981 1131 1040 in
1143 980 1231 1043 P'ariss

132 1063 231 1122 aiensi.
255 1063 289 1121 Id
305 1073 402 1122 autem
415 1064 523 1123 festum
537 1061 649 1142 Ἆλῶα,
672 1064 808 1145 quamvis
833 1065 865 1124 in
883 1064 997 1125 Cereris
1019 1056 1169 1126 honorem¹
1180 1067 1230 1141 in·

132 1147 218 1207 atitui
237 1149 359 1207 solitum
374 1147 477 1208 dicent
488 1149 724 1231 Lexioographi,
744 1159 846 1210 tamen
859 1151 909 1211 vel
923 1149 1042 1209 Baccho
1058 1150 1118 1210 soli
1139 1151 1231 1211 fuisse

132 1253 252 1293 sacrum
275 1234 325 1292 vel
348 1244 427 1294 certe
453 1235 508 1293 deo
540 1235 661 1314 utrique
698 1256 875 1312 cotnmune,
912 1235 1002 1313 docet
1025 1233 1100 1295 hoec
1124 1236 1229 1296 oratio.

131 1319 245 1397 Nempe
260 1317 385 1378 Archias
404 1328 433 1378 et
446 1320 558 1381 Neaera
571 1321 698 1379 eundem
721 1321 827 1397 deum,
848 1317 903 1383 aba
927 1313 1023 1384 abcbv
1042 1317 1139 1398 θεόν,
1160 1321 1231 1380 vio-

131 1403 248 1464 larent:
272 1403 396 1463 Archias
410 1405 499 1464 deum
513 1405 619 1481 illum,
642 1406 675 1463 in
692 1406 778 1465 cuius
798 1405 944 1465 honorem
967 1404 1173 1465 celebrabatur
1187 1407 1231 1464 fe·-

131 1497 210 1548 stum
222 1487 334 1564 Ἀλοῖα,
354 1490 465 1549 Neaera
480 1488 631 1569 bacchum
640 1535 649 1566 ‚
667 1491 778 1571 quippe
794 1490 886 1549 filiam
902 1511 987 1549 suam
1000 1489 1064 1568 regi
1077 1512 1230 1550 sacrorum

130 1580 261 1655 nuptum
287 1575 404 1651 dando,
438 1573 590 1651 effecerat,
626 1584 661 1634 ut
679 1576 822 1635 meretrix
845 1575 1003 1635 meretrice
1022 1583 1087 1634 orta
1110 1574 1231 1635 Baccho

129 1679 212 1718 uxor
224 1661 356 1719 daretur.
377 1680 474 1720 roura.
497 1659 561 1746 attat
574 1655 621 1733 οἷς
632 1681 735 1738 margo
749 1661 921 1719 Lutetianoe
936 1660 1093 1719 exAldina
1111 1670 1140 1719 et
1155 1663 1231 1720 Pau-

129 1745 194 1804 lina
204 1789 212 1820 ,
233 1745 305 1804 item
321 1747 502 1822 Bavaricut,
525 1747 611 1805 cuius
629 1766 730 1823 margo
749 1746 792 1804 sic
808 1747 873 1805 dat:
895 1744 947 1806 aab
965 1740 1011 1809 ‘bn
1027 1740 1164 1826 σινῶπης
1176 1749 1231 1827 τῆς

129 1829 251 1913 ἑταίρας
267 1824 345 1892 bobia
361 1825 416 1903 οἷς.
437 1850 536 1899 amsa.
558 1825 671 1917 ἆλῴοις
685 1831 812 1892 Bekker.
832 1850 992 1891 sensurus.

215 1959 247 2018 P·
269 1959 361 2026 1385.
383 1979 413 2018 v·
436 1964 467 2026 3.
488 1955 582 2047 abici]
606 1958 673 2041 [τῆς
686 1958 771 2043 terp
784 1951 863 2046 αὖέῇ
876 1954 1043 2040 Ἐλευσῖνι]
1066 1960 1158 2019 Forte
1171 1964 1230 2041 ,τῆς

133 2041 167 2106 ἒν
174 2039 319 2107 Ἐλευσῖνι
326 2044 463 2124 [caeteris
477 2044 615 2127 omissis].
630 2045 784 2105 Locushic
793 2046 914 2105 omnino
929 2041 1231 2125 corruptuseaxt‘tae

130 2138 162 2187 et
177 2138 330 2188 contracte
348 2125 394 2203 οἷς
408 2127 614 2213 προσαγούσῃ,
637 2124 706 2193 ἀντὶ
721 2135 777 2193 τοῦ
790 2126 937 2213 πρόβατα,
952 2129 1036 2189 haud
1052 2131 1124 2206 scio,
1139 2150 1229 2209 quam

128 2233 237 2273 verum
250 2215 298 2272 sit.
320 2215 471 2274 bacchum
485 2217 520 2275 ab
529 2215 635 2275 Arthia
648 2215 681 2297 [f.
698 2214 914 2296 Archia],mox
928 2216 1010 2275 dicet
1020 2215 1179 2291 violatum,
1195 2224 1231 2274 ut

130 2309 161 2359 et
176 2321 191 2356 a
207 2301 328 2360 Neaera.
349 2321 450 2361 wocr.
474 2302 630 2376 Exactis,
653 2321 729 2381 quae
744 2302 834 2380 paulo
859 2308 1102 2382 praecesserunt,
1123 2321 1230 2378 magua
1313 2350 1322 2367 .,

129 2405 200 2464 pars
222 2406 343 2461 eorum,
367 2407 441 2465 quae
461 2386 513 2446 hic
537 2406 552 2444 a
570 2384 680 2445 Wolfio
702 2386 898 2462 adferuntur,
927 2386 1017 2467 plane
1035 2384 1229 2465 praeciditur.

130 2471 253 2528 Caetera
267 2492 329 2530 non
351 2471 496 2549 intelligo.
526 2473 584 2532 Pro
601 2470 633 2534 ἔν
648 2474 696 2554 τῇ
709 2466 788 2557 αὐτῇ
805 2466 952 2534 Ἐλευσῖνι
973 2470 1064 2529 scribi
1085 2469 1174 2530 video
1195 2466 1229 2528 in

129 2554 235 2613 Venet.
245 2556 365 2615 [taroec.
376 2557 439 2617 Ital.
457 2567 486 2616 et
498 2556 635 2634 margine
650 2554 834 2618 Benenatibv
846 2560 885 2651 τῇ
897 2548 978 2639 αὐλῇ
987 2549 1142 2617 Ἐλευσῖνι.
1159 2553 1229 2629 Quo

128 2639 221 2697 modo
236 2640 325 2698 etiam
339 2642 461 2720 scripsit
474 2640 642 2700 Athenaeus
655 2640 676 2700 l.
693 2643 742 2705 13.
764 2656 897 2700 carnos.
929 2638 1016 2718 Vulg.
1038 2633 1125 2726 αὐτῇ.
1150 2633 1231 2724 αὐλῇ

128 2744 232 2801 margo
251 2725 422 2784 Lutetianae
439 2746 476 2785 ex
491 2725 661 2800 Athenaeo,
680 2727 851 2785 Bavarieus.
873 2726 912 2785 Et
933 2727 976 2785 sic
997 2725 1124 2784 correxi.
1146 2723 1233 2804 qaod

128 2830 221 2886 saper
229 2811 313 2891 suco,
329 2813 386 2888 qai
401 2823 475 2868 esset
492 2814 525 2870 in
541 2812 618 2869 aula
637 2809 747 2868 domus
763 2812 870 2885 illius,
893 2810 948 2869 ubi
961 2811 1082 2869 Neaera
1090 2807 1118 2890 ⁴³)
1131 2811 1229 2868 Eleu-

128 2897 194 2951 sine
209 2894 390 2969 habitasset,
403 2896 542 2954 Archias
554 2898 714 2959 victimam
728 2896 934 2971 immolasset,
958 2916 1027 2953 cum
1034 2898 1093 2972 fas
1105 2912 1166 2953 non
1180 2902 1229 2953 ee-'

127 2989 174 3036 set
189 2998 225 3035 ea
238 2977 289 3037 die
306 2983 464 3038 victimam
483 2985 687 3055 animantem,
709 2978 887 3060 sedsruges
903 2979 1094 3039 solummodo
1117 2983 1230 3038 immo-

128 3065 212 3139 lare,
236 3076 264 3122 et
279 3076 435 3144 praeterea
445 3069 505 3143 fas
525 3087 644 3146 qaoque
666 3085 728 3123 non
746 3076 837 3140 esset,
861 3076 896 3123 ut
919 3064 1063 3123 sacerdos
1080 3086 1150 3124 mas
1171 3067 1230 3125 illa

129 3148 180 3207 dte
195 3152 428 3229 sacrefaceret,
450 3151 505 3209 aed
520 3163 556 3209 at
568 3148 874 3228 sacerdcefoemina.
895 3168 992 3210 max.

214 3278 246 3338 P·
271 3278 362 3344 1385.
383 3299 413 3338 v.
435 3280 465 3345 5.
476 3277 617 3358 ἐκείνου]
636 3276 787 3361 [berbena]
804 3277 905 3339 Potius
920 3277 1038 3343 ἐκείνου
1055 3298 1124 3338 cum
1137 3273 1230 3337 Athe-

128 3382 214 3423 naeo.
235 3365 271 3422 St
283 3358 442 3422 victimam
461 3367 559 3442 ferire
578 3365 717 3423 licuisset
733 3386 766 3422 eo
788 3363 853 3441 dte,
876 3367 940 3423 ista
954 3386 1003 3424 res
1024 3386 1084 3423 non
1106 3360 1153 3422 ad
1162 3363 1230 3422 Ar·

130 3448 234 3506 abiam
260 3447 511 3528 Itieropbantam,
544 3447 600 3508 sed
620 3447 665 3506 ad
688 3450 804 3510 Cereris
828 3446 1039 3529 sacrificulum
1063 3448 1229 3530 spectabat.

129 3552 262 3593 naraon.
283 3534 371 3612 Vulg.
393 3534 518 3616 ἐκείνης.
541 3535 667 3595 Correxi
680 3534 807 3598 ἐκείνου.
829 3536 919 3596 Redit
933 3536 1012 3595 enim
1027 3535 1065 3594 ad
1077 3533 1229 3594 Archiam.

117 3618 226 3678 'aaran
270 3619 441 3680 Bekkerus:
467 3620 607 3698 »ἐκείνου
633 3616 818 3681 Athenaeus:
859 3620 931 3682 libri
953 3641 1056 3681 omnes
1080 3619 1231 3700 ἔκείνης.“

128 3723 288 3764 summ.

214 3833 246 3892 Ρ.
269 3831 361 3899 1385.
381 3853 413 3894 v.
434 3832 465 3900 ὅ.
487 3826 615 3915 ου’κοῦν]
637 3831 739 3903 Malim
756 3823 816 3896 obn
832 3824 899 3896 obv·
921 3806 957 3895 8
967 3841 1030 3893 not.
1045 3831 1084 3893 ad
1095 3853 1127 3914 p.
1137 3835 1229 3906 1381,

127 3921 181 3986 22.
203 3937 364 3977 scuearen.
1107 3976 1110 3981 .

213 4024 244 4084 P·
269 4025 360 4091 1385.
381 4043 412 4084 v·
434 4028 464 4090 6.
485 4023 550 4105 sat]
572 4025 624 4090 aab
638 4026 725 4108 prius
740 4024 824 4087 abest
839 4024 1024 4085 aBavaric'o.
1046 4026 1145 4084 iteras.

129 4220 337 4238 Μ

170 4319 198 4386 ¹⁸)
217 4323 328 4394 Sinope·
352 4336 491 4378 tessares.

912 4404 1009 4489 epe
