2752 4754
81 246 86 261 ”
154 238 217 323 roe
312 251 316 260 ·
376 232 1030 315 aoursoeracorurcrror.

153 423 204 490 34.
218 443 256 483 ss.
299 421 382 480 Idem
391 420 544 523 significat
561 421 613 481 lib.
630 421 781 482 dereditt.
801 410 839 497 V,
861 420 908 486 7.':
931 423 1062 502 Θηβαῖοι
1080 416 1249 503 εὐεργετού-

153 520 239 587 μενοι
251 505 448 589 ηγεμονευειν
469 504 570 568 adreio
592 507 707 570 ἔδωκαν
722 466 906 584 iddnroiiosg.
946 506 1125 566 Ceterum
1102 528 1126 565 ιι
1145 528 1262 569 verum·

153 592 194 653 sit
208 593 291 671 quod
305 592 444 673 Xenopb.
458 580 581 668 Hell.V,
603 592 634 668 4,
655 596 705 658 20.
719 613 757 651 ιιι.
778 592 829 656 34.
850 591 976 651 tradit
944 591 1094 670 ,insignis
1108 592 1245 669 illaleus,

154 696 213 784 que
230 687 331 736 orator
342 676 393 736 hic
407 678 535 781 patriam
550 694 634 736 suem
651 685 749 753 ornet,
768 677 955 736 emarcuerit
976 706 1021 724 -·
1050 677 1097 737 Ad
1112 677 1204 735 verbe
1218 678 1247 753 ἐξ
1284 717 1286 722 -

152 753 1249 927 t.tt.5”..⁰t.t’..t⁰.²¹’.tttt.5¹¹l³¹¹2'‘⁰tttttss.i⁶'t.tl.tt.ttt

90 996 94 1009 ι
152 932 409 1014 nonitapridem.
431 933 664 994 Meminerisbic
677 930 757 992 banc
772 932 939 992 orationem
953 930 1085 990 habitam
1101 951 1163 991 esse
1177 933 1249 998 362.

81 1022 84 1029 ’
153 1036 178 1076 a.
196 1016 227 1076 C.
242 1039 272 1077 n.
294 1019 329 1079 V.
347 1018 506 1078 Clintonl.
520 1019 542 1079 1.
556 1018 587 1078 h.
601 1039 692 1077 e.-
719 1016 865 1097 Deinceps
880 1037 948 1077 cum
961 1041 1003 1090 ως
1014 1018 1161 1097 particula
1175 1017 1249 1075 tiro-

19 1138 22 1145 ·
104 1093 239 1162 11nibus
255 1104 407 1183 negotium
422 1103 562 1164 exhibere
584 1104 694 1179 soleat,
716 1103 898 1162 monendum
919 1111 1044 1161 estnon
1060 1122 1132 1162 raro
1160 1102 1250 1161 Grae-

152 1206 204 1246 cos
230 1186 288 1247 bac
314 1190 431 1249 ratione
454 1190 515 1248 duo
538 1188 662 1249 relative
683 1189 877 1277 coniungeret
899 1185 1062 1268 pileme—
1024 1186 1124 1260 -ιιλς
1141 1190 1249 1260 καλῶς,

152 1284 273 1352 quauta
298 1277 440 1353 potentia
462 1274 623 1333 instruciis
641 1261 897 1333 Lacedaemoniis
919 1271 1169 1380 quampulchre.
1206 1272 1248 1331 Cf.

151 1359 236 1438 Lepi·
250 1362 301 1425 93.
302 1380 352 1460 p
344 1358 457 1425 ,.τ485
478 1353 630 1422 evvtee'l
611 1383 649 1423 ον
661 1381 777 1439 sponoe
791 1353 920 1421 οΣολνιν
930 1354 1000 1431 τους
1014 1352 1127 1436 νόμους
1141 1380 1185 1430 ως
1197 1379 1249 1417 κν

151 1446 211 1516 λῶς
225 1438 339 1506 κελεύει
352 1443 480 1506 τιθέναι.
502 1445 552 1504 ubi
570 1463 600 1505 v.
621 1445 712 1503 Wolf.
730 1441 762 1523 §.
779 1441 1250 1521 supereminemus

151 1528 268 1587 ratione
283 1529 328 1588 uti
348 1537 453 1588 notum
467 1538 521 1588 est.
563 1529 648 1589 ltav.
663 1550 690 1588 c.
706 1528 770 1588 Liv.
787 1529 897 1603 XXX,
919 1528 987 1592 42.ι
1015 1524 1249 1606 (commemoro-

152 1613 243 1695 lr'unt)
266 1636 299 1672 ex
321 1618 448 1694 quantis
462 1614 579 1693 'opibus
598 1635 658 1694 quo
682 1612 857 1672 recidissent
872 1613 1178 1690 Carthaginiensium
1193 1632 1248 1671 rest

151 1698 290 1759 Eiusdem
304 1699 418 1805 generis
432 1709 504 1759 sunt
517 1698 691 1759 huiusmodi
704 1699 816 1758 loci:‘'
802 1722 832 1760 ιν
831 1693 994 1778 ἐἰδῆτε“
962 1720 1035 1759 osor
1051 1693 1248 1776 ὑπαρχόντων

126 1778 337 1863 reiroigrroo’
353 1783 440 1863 durio
455 1785 530 1847 aior
547 1785 651 1865 ἔτυχον
667 1785 750 1843 Dem.
766 1784 857 1858 XIX,
879 1787 931 1848 61.
953 1803 982 1862 p
1003 1786 1075 1848 360
1114 1784 1158 1840 Cf
1180 1782 1248 1859 Cy?

151 1868 203 1944 IV,
226 1870 263 1945 6,
284 1876 334 1935 29.
375 1869 470 1941 Thuc
493 1870 534 1945 V,
556 1877 586 1936 7.
608 1879 638 1929 et
659 1868 751 1948 Sopb.
770 1869 871 1946 Antig
846 1867 958 1932 0943
1001 1867 1100 1925 Priori
1121 1868 1247 1926 relativo

152 1955 344 2034 participium
361 1956 496 2015 additum
512 1913 551 2014 sit
565 1975 622 2014 nec
638 1975 677 2014 ne
695 1954 748 2013 hic
763 1973 870 2033 parum
884 1953 986 2011 refert.
999 1984 1041 1997 -
1062 1952 1176 2012 Vocem
1187 1950 1248 2012 Ἑλ

151 2044 285 2119 ληνικιιῖν
301 2060 317 2097 a
332 2040 484 2120 plerisque
499 2040 584 2099 libris
601 2041 738 2099 omissam
759 2038 871 2098 delevit
890 2036 1059 2112 Bekkerus,
1080 2036 1248 2095 defendunt

150 2124 343 2204 Forbigerus,
363 2125 478 2201 Bremi,
499 2125 690 2185 Scbaeferus:
712 2144 841 2203 quorum
855 2122 929 2180 huic
949 2142 997 2181 res
1011 2130 1075 2180 tam
1097 2131 1178 2181 certa
1198 2121 1248 2181 vi-

151 2210 248 2289 detur,
263 2219 300 2268 ut
323 2221 426 2269 contra
441 2211 593 2292 disputare
612 2231 675 2269 non
696 2210 852 2284 auderem,
872 2207 933 2266 nisi
948 2207 1014 2269 viro
1033 2208 1150 2286 egregio
1168 2206 1248 2265 idem
1361 2248 1364 2287 ,

151 2295 233 2373 quod
250 2294 334 2371 mibi,
356 2296 408 2375 qui
420 2316 480 2374 quo
494 2304 629 2375 tempore
644 2294 801 2375 discipulis
814 2292 886 2352 meis
899 2291 985 2350 huuc
1000 2293 1102 2351 locum
1115 2290 1257 2371 explicui
1361 2292 1364 2323 ³

150 2380 282 2439 eiusdem
299 2381 461 2439 sententiae
474 2382 596 2456 fuerim,
620 2380 752 2440 accidere
765 2399 852 2459 posse
866 2377 1030 2451 videretur,
1051 2387 1088 2437 ut
1103 2377 1246 2437 iudicium

150 2486 238 2524 suum
260 2473 441 2528 retrectaret.
480 2465 539 2525 Sed
558 2465 723 2526 videamus.
764 2466 808 2523 Ac
827 2463 959 2543 primum
974 2461 1000 2520 si
1015 2473 1138 2522 externa
1158 2482 1247 2539 argu·
1360 2486 1363 2501 ¹

103 2553 143 2614 12
151 2560 248 2608 menta
263 2550 421 2628 respicias,
443 2551 551 2609 mirum
568 2544 722 2610 videbitur
742 2548 801 2609 boc
817 2547 1029 2608 vocabulum
1019 2568 1053 2605 ιιι
1067 2557 1116 2607 tot
1131 2547 1247 2606 codici
1360 2618 1362 2625 y

149 2635 207 2695 bus
222 2634 375 2712 excidisse,
398 2656 464 2693 cum
484 2635 595 2694 unde
585 2656 618 2693 ιιι
637 2634 793 2694 nonnullis
807 2633 879 2693 addi
900 2632 1038 2734 potuerit
1057 2633 1247 2691 manifestum
1360 2630 1362 2689 1

149 2720 198 2779 sit.
241 2720 315 2779 Nam
330 2720 367 2778 de
382 2720 483 2779 eadem
498 2720 581 2794 roll,
604 2719 655 2785 24.
678 2741 709 2826 p.
730 2719 795 2785 26.·
818 2718 915 2781 ἐκεῖνο
931 2711 1087 2798 θαυμάζω,
1110 2719 1246 2780 ελΛακε.

150 2805 318 2910 δαιμονίοις
342 2803 397 2907 μέν
417 2827 504 2881 ποτε,
528 2796 553 2866 oi
577 2800 684 2885 ἄνδρες
701 2799 875 2884 Ἀθηναῖοι,
896 2800 973 2884 ὑπὲρ
987 2808 1048 2864 τῶν
1063 2802 1244 2881 Ἑλληνικῶν

150 2884 313 2953 δικαίων’
293 2884 439 2970 ανιήρνιι
452 2895 559 2952 κτ.λ.
602 2889 661 2947 Hic
684 2890 763 2947 enim
779 2888 975 2966 Ἑλληνικῶν,
1000 2888 1113 2946 iniuria
1134 2889 1248 2946 allek

149 2975 222 3035 kero
236 2974 323 3033 uncis
340 2984 496 3050 notatum,
515 2973 714 3033 necessarium
732 2983 777 3032 est
794 2983 918 3078 propter
938 2973 1173 3075 oppositionem.
1194 2994 1247 3034 νιν-

150 3058 181 3122 νλ
196 3054 357 3124 si’'onrsiss
370 3059 531 3134 ἐξιέναι-
542 3056 618 3138 ὑπὲρ
634 3063 696 3120 τῶν
707 3057 860 3140 ὑμετέρων
878 3052 980 3119 αὐτῶν
995 3052 1166 3138 κτημάτων.
1205 3059 1247 3116 Do

148 3137 298 3204 industria
318 3143 406 3203 omisi
418 3164 494 3223 quae
510 3144 664 3203 interiecta
679 3152 766 3203 sunt:
788 3141 841 3205 καλ
856 3141 971 3223 μέλλετε
985 3142 1070 3222 slepi
1071 3166 1135 3225 petr
1150 3140 1246 3225 (circio

149 3235 211 3293 coir
230 3227 380 3310 υμετέρων
394 3225 522 3311 cosor)
546 3229 686 3308 quoniam
700 3227 775 3288 haec
793 3229 929 3307 proxime
944 3228 1125 3307 praegressis
1145 3248 1246 3308 eppo·
1358 3222 1360 3229 ’

148 3324 278 3375 nuntur:
299 3315 380 3394 quod
393 3315 506 3390 monui,
522 3334 560 3372 ne
575 3314 643 3392 quis
657 3314 775 3373 dubitet
786 3313 1016 3390 intelligentium
1033 3313 1153 3392 quidem
1171 3313 1246 3392 quin

62 3470 67 3479 Ι
147 3400 277 3462 Bekkeri
299 3410 387 3459 notae
405 3399 620 3463 confodiendos
634 3399 704 3457 sint.
744 3398 802 3457 Sed
819 3400 900 3476 quod
919 3397 1100 3457 scholiastes
1122 3399 1161 3458 od
1176 3399 1207 3458 b.
1223 3399 1244 3458 l.
1276 3468 1279 3475 ¹

62 3484 65 3489 ’
148 3487 251 3564 tradit,
261 3484 440 3545 bochellum
452 3485 638 3544 nominatum
647 3483 738 3542 fuisse
747 3480 798 3545 ιόν
808 3477 941 3564 πόλεμον
952 3479 1005 3546 κᾶν
1019 3481 1097 3564 circio
1111 3488 1175 3545 cciv
1184 3482 1245 3545 Ἑλ,
1276 3484 1279 3491 ’

148 3575 279 3653 terreus
293 3572 427 3647 δικαίων,
447 3570 480 3629 id
492 3581 551 3629 tem
567 3578 667 3648 aperte
684 3568 791 3628 fictum
805 3577 858 3645 est,
874 3578 907 3627 ut
919 3569 1033 3627 nemini
1046 3569 1181 3627 fraudem
1199 3570 1245 3627 fa-

149 3678 215 3717 cere
230 3655 366 3716 debuisse
379 3656 526 3716 videatur.
548 3654 631 3729 Nihil
645 3653 744 3712 dicem
763 3653 844 3732 quod
861 3654 942 3732 apud
961 3654 1137 3731 Diodorum,
1155 3673 1246 3732 quem
1358 3644 1361 3657 '

124 3784 127 3791 ·
146 3742 263 3823 saepius
279 3762 370 3821 quam
386 3741 510 3800 debebat
522 3739 680 3799 lutulentis
701 3748 852 3798 oratorum
870 3739 1003 3798 fontibus
1023 3738 1162 3798 hortulos
1176 3759 1245 3799 suos

147 3828 285 3907 irrigasse
303 3836 428 3903 constat,
449 3826 540 3885 buius
556 3825 763 3904 appellationis
777 3845 815 3882 ne
826 3823 984 3901 vestigium
1000 3825 1120 3903 quidem
1134 3824 1245 3903 depre-

146 3911 306 3971 henditur:
328 3911 381 3971 sed
401 3874 504 3971 cietur
517 3911 542 3970 si
565 3930 628 3969 eam
644 3917 762 3969 secutus
785 3918 877 3984 esset,
902 3908 1088 3988 Philippicae
1106 3910 1176 3969 loco
1194 3908 1245 3968 di-

147 4018 213 4057 cere
236 3997 373 4056 debebat:
401 3995 479 4079 ιλιιιμ
483 3998 577 4060 electae
591 3991 645 4058 seir
658 3992 735 4075 arcio
750 3998 813 4056 seir
826 3993 1009 4073 Ἑλληνικῶν
1025 3995 1152 4056 δικαίων
1171 3991 1245 4075 πρὸς

146 4081 208 4145 ise
207 4105 280 4155 νονς
291 4078 432 4162 πολεμον
466 4081 549 4141 Ac
526 4102 566 4153 ιι,
590 4089 626 4139 ut
639 4079 750 4138 Brenni
766 4079 866 4139 verbis
876 4089 954 4156 utar
975 4078 1027 4138 hic
1043 4101 1126 4158 qussi
1139 4082 1246 4138 termi

147 4187 205 4227 nus
217 4167 338 4245 quidam
348 4167 505 4227 technicus
519 4126 633 4240 fuisset,
654 4165 740 4225 notio
748 4169 811 4226 coir
823 4127 1026 4244 Ἐλληνιῖιιῖν
1017 4173 1060 4222 ιιι
1074 4165 1246 4224 oblitterata

149 4261 234 4329 esset,
253 4260 288 4310 ut
300 4272 338 4310 ue
351 4252 547 4332 Olynthiacae
565 4210 686 4331 quidem
698 4250 767 4310 loco
783 4258 885 4309 orator
898 4268 963 4308 eam
974 4269 1064 4329 quam
1078 4252 1172 4309 modo
1190 4250 1246 4309 de-

148 4335 381 4398 monstravimus
406 4338 626 4423 oppositionem
652 4334 724 4396 sotis
752 4343 855 4418 aperte
879 4335 1068 4396 declarasset.
1110 4336 1246 4414 Denique
