2752 4754
354 186 357 191 ’
448 230 900 311 ‘ioanoonn-r-e.
989 296 993 307 ,
1169 210 1247 321 'on

218 408 251 467 Ρ.
276 409 420 495 1tet.3v.
441 407 493 475 26.
513 406 588 487 orie]
610 406 731 487 quando
745 407 796 468 vel
816 407 948 469 maxime
968 416 1089 490 oportet
1101 406 1145 492 μή
1157 408 1246 495 ἄγειν

130 490 270 573 ἡσυχίαν.
290 515 450 553 sonuere.-
493 512 498 525 “
1053 528 1057 533 ·
1227 544 1231 551 -

166 612 170 619 “
191 646 195 659 .
217 602 249 661 Ρ.
273 602 365 671 1481.
384 606 489 670 ν.,26.
511 595 600 686 λόγου
611 602 712 682 τυχεῖν
726 597 818 681 ἔστιν]
839 598 964 701 dioendi
977 613 1116 691 polentae
1139 602 1244 664 datur.

132 708 210 744 won

216 794 249 854 P.
273 794 367 862 1481.
388 816 418 856 v.
439 800 490 863 27.
513 793 543 858 ei
555 789 611 875 μὲν
625 786 746 875 oio-1
759 796 945 877 corruptum
959 814 1024 854 oeae
1041 794 1126 855 hunc
1140 797 1244 857 locum
1290 832 1293 839 ·

132 880 289 957 existimo,
314 890 370 940 n'ec
389 881 486 941 hebeo
504 888 606 938 tamen
626 879 863 961 inpraesentia,
882 881 934 959 qui
956 882 1120 962 emendem.
1156 883 1244 942 Divi-

131 964 266 1025 nandum
279 964 373 1043 igitur
385 966 439 1027 hic
453 964 557 1046 potius
573 983 662 1045 quam
673 966 934 1055 interpretandum
946 966 1011 1026 fuit.
1029 966 1141 1027 Veneto
1150 966 1244 1027 Fron-

132 1050 205 1109 oiaci
219 1050 353 1110 Bruoioli
369 1051 460 1111 editio
472 1049 525 1109 hio
539 1049 599 1109 tria
617 1050 679 1117 iere
701 1072 807 1133 magna
826 1050 899 1112 solia
925 1058 956 1110 et
976 1050 1100 1111 exordia
1124 1052 1244 1113 circiter

132 1134 303 1213 quindecim
324 1148 378 1221 'on
396 1136 515 1217 quidem
529 1128 744 1217 praetermisit,
765 1137 816 1198 red
831 1136 864 1195 in
881 1134 976 1195 alium
987 1136 1090 1195 locum
1105 1148 1239 1198 trenetu-

131 1220 170 1279 lit
186 1230 216 1281 et
232 1242 301 1280 cum
313 1159 373 1282 doc
389 1221 515 1283 exordio
529 1221 594 1282 eine
611 1222 745 1301 exordii,
767 1223 854 1284 cuiue
868 1220 993 1281 initium
1010 1232 1055 1280 eet
1070 1220 1117 1285 ot
1128 1228 1179 1302 μοι
1193 1226 1242 1288 συί

131 1311 224 1382 κεῖτε,
247 1298 315 1389 eiii.
334 1300 391 1385 'A.,
410 1307 478 1390 mol
492 1297 530 1388 ἧς
550 1307 652 1371 οἴεσθε
676 1318 733 1369 etc.
755 1306 798 1393 (ρ’.
814 1308 915 1385 1448,
939 1304 1020 1387 10.)‚
1041 1307 1117 1366 haee
1139 1310 1242 1386 verbe,

131 1392 165 1454 ix
180 1396 241 1455 miv
252 1391 505 1475 παρεληλυθότων
519 1388 653 1475 χρῦνων,
674 1393 837 1457 καθέλκειν
852 1386 1000 1475 τριήρεις,
1022 1394 1067 1473 (p.
1086 1394 1185 1471 1432,
1200 1399 1241 1473 1·)

132 1478 336 1539 continuavit:
360 1488 389 1539 et
403 1488 506 1561 postea
521 1477 581 1537 lroe
602 1479 760 1539 exordium
780 1478 924 1539 subiecit:
949 1472 1043 1558 Οἶμαι
1062 1472 1181 1553 πάντας
1200 1475 1242 1543 ἄν

129 1560 230 1644 υμᾶς,
253 1554 279 1626 oi
293 1561 324 1629 ii.
338 1558 396 1641 ’A.‚
418 1563 622 1647 ὁμολογῆσαι,
643 1573 699 1623 eto.
721 1565 764 1649 (p.
780 1567 871 1639 1433,
883 1560 942 1643 4..)
964 1562 1048 1636 Quae
1063 1563 1154 1629 editio
1171 1564 1257 1644 quia¹

129 1646 173 1708 lo.
189 1650 336 1721 Bernardi
355 1649 513 1726 feliciani,
535 1648 595 1709 viri
610 1650 777 1710 doctissimi
790 1660 819 1709 et
836 1649 873 1708 de
885 1648 1086 1709 Demosthene
1101 1650 1241 1729 pineolo·

128 1754 163 1792 re
183 1734 297 1807 meriti,
319 1735 469 1796 industria
485 1733 625 1801 infinitis.
631 1756 728 1815 prope
749 1736 824 1795 locis
842 1736 931 1813 longe
946 1743 991 1793 eat
1005 1754 1095 1815 quam
1117 1744 1171 1794 eut
1186 1737 1240 1795 Al·

129 1819 200 1878 dina
210 1828 271 1878 'aut
285 1812 472 1899 Ilervagiaria
486 1830 574 1881 vetuo
588 1822 790 1898 emendatior,
814 1840 922 1902 operae
942 1820 1073 1901 pretium
1101 1840 1165 1879 ease
1178 1836 1240 1901 pu*

128 1905 194 1963 tavi
215 1906 247 1964 in
266 1905 323 1966 hac
341 1917 493 1987 postrema
512 1905 716 1987 recognitione
732 1928 747 1965 a
768 1906 827 1966 mei
842 1905 1021 1986 exemplaria
1035 1905 1141 1967 ordine
1156 1926 1240 1967 rece·-
1314 1985 1317 1989 .

128 1991 200 2049 dere
215 2011 249 2048 ao
268 1993 402 2053 Brucioli
417 1992 595 2069 editionem,
611 2012 697 2073 quam
712 1991 898 2071 Hervogiana
910 1990 1058 2071 posterior
1074 2013 1092 2048 a
1106 2012 1154 2052 me
1169 2012 1240 2053 cum

128 2077 386 2137 auriotatiunculie
400 2077 473 2137 meio
486 2078 526 2137 ad
540 2078 709 2157 Oporinum
725 2079 814 2141 missa
829 2077 947 2136 imitata
970 2086 1030 2154 eet,
1051 2077 1143 2157 aequi.
1173 2077 1239 2138 Ha:-

127 2161 290 2222 betautem
313 2161 375 2222 hoo
394 2164 554 2225 exordium
578 2164 718 2224 lemmata
740 2162 887 2245 quaedam
907 2161 1146 2242 Philippicarum
1167 2174 1238 2224 ora*

129 2244 263 2327 tionum,
286 2250 319 2307 in
334 2250 442 2328 quibua
456 2249 532 2310 haee
545 2250 721 2329 corrigenda
731 2250 884 2310 videntur.
905 2269 991 2306 wore.
1077 2296 1080 2311 ,
1206 2300 1208 2307 ,
1229 2330 1232 2335 .

213 2357 245 2415 P·
270 2348 361 2423 1431.
381 2378 412 2418 v.
434 2362 486 2425 28.
508 2356 561 2421 καλ
576 2358 711 2438 σκοπεῖν]
734 2361 786 2425 καλ
800 2352 843 2438 μή
857 2346 990 2420 σκοπεῖν.
1011 2377 1098 2415 woer.
1156 2442 1161 2447 ἡ

212 2464 245 2521 Ρ.
270 2464 362 2531 1432.
381 2487 411 2527 v.
435 2471 464 2532 1.
484 2460 623 2547 πάσχειν]
644 2468 677 2530 F.
694 2462 834 2546 φάσκειν.
855 2486 942 2523 wore.
1053 2538 1056 2547 Ι
1231 2526 1235 2533 ,

214 2571 245 2628 P·
269 2571 361 2637 1432.
382 2594 411 2633 v·
435 2578 463 2637 1.
485 2568 657 2653 βούλεσθε]
675 2558 854 2631 ’θίνἐῑίειυ
876 2568 1054 2646 Bavoricue,
1093 2570 1145 2631 red
1166 2592 1237 2632 oum

127 2676 159 2715 αι
172 2674 263 2735 eupor
278 2666 410 2716 extrema
431 2659 527 2717 litere.
548 2670 642 2715 rerer.
1185 2692 1188 2697 -

211 2762 243 2821 P·
267 2732 359 2833 1432.
382 2784 411 2824 v.
435 2768 464 2835 1.
484 2760 675 2847 ψηφιεῖσθε]
695 2769 882 2845 ψηφιεῖσθαι
896 2765 1059 2824 Bavarieus
1072 2774 1103 2824 et
1116 2765 1234 2827 Aldina.

125 2868 219 2904 lintax.

213 2956 247 3013 P·
273 2956 368 3023 1432.
383 2977 412 3015 v·
435 2935 579 3039 1sic'neo]
603 2955 736 3037 Sobaudi
757 2950 894 3019 εἰώθατε.
915 2980 1006 3017 amer.
1038 2958 1136 3017 lmmo
1149 2957 1235 3039 loq.

127 3039 270 3118 φίσασθε.
290 3063 441 3103 aeramen.
566 3044 569 3049 ’

211 3147 244 3204 Ρ.
268 3146 360 3213 1432.
381 3169 411 3208 v.
435 3155 464 3215 1.
486 3144 716 3229 dominacio]
746 3144 823 3230 ὅπερ
844 3143 927 3213 ideo)
951 3149 1068 3211 Aldina.
1098 3148 1155 3208 Sed
1180 3147 1234 3219 hio

125 3231 214 3290 video
229 3232 365 3291 ordinem
391 3234 424 3290 in
446 3234 557 3293 Aldine
581 3236 709 3295 mirifice
732 3235 955 3295 conturbatum.
974 3238 1087 3295 Ponam
1107 3234 1176 3309 hie,
1197 3244 1234 3295 ut

125 3318 289 3393 fragmento
311 3338 374 3377 seeo
402 3318 434 3377 in
462 3319 518 3378 ieta
547 3320 678 3383 editione
698 3316 930 3399 consequantur.
965 3312 1234 3400 Ab'wnoeeiodot,

126 3395 203 3482 iimo
225 3397 308 3463 λύσαι
327 3403 427 3464 omnia
447 3404 554 3464 desunt
574 3406 607 3464 in
620 3405 729 3465 Aldina
743 3426 837 3484 usque
857 3407 895 3465 ad
910 3428 940 3485 p.
956 3407 1048 3481 1449,
1061 3408 1093 3472 5.
1112 3398 1232 3501 οιῖδένρ.

123 3486 200 3545 Inde
216 3489 386 3566 procedunt
409 3491 510 3549 omnia
526 3510 564 3549 ex
584 3493 690 3552 ordine
708 3512 803 3571 usque
829 3492 916 3571 adp.
935 3493 1033 3567 1456,
1056 3492 1085 3557 5·
1108 3483 1147 3551 ου’
1160 3486 1232 3571 μήν.
1257 3543 1260 3549 .

124 3571 302 3631 Extremum
318 3572 378 3633 hoc
395 3584 440 3634 eet
456 3577 648 3637 vocobulum.
669 3579 741 3636 indo
755 3598 859 3637 rursus
874 3577 1028 3653 orditum
1041 3599 1072 3655 p.
1088 3576 1181 3651 1440,
1200 3581 1231 3641 7.

114 3674 143 3715 'a
157 3660 334 3738 δυνηθῆναι
354 3671 384 3719 et
403 3662 541 3740 procedit
555 3663 593 3721 ad
609 3684 639 3743 p.
654 3665 752 3740 1449,
775 3668 805 3729 3.
827 3664 865 3721 ad
883 3657 1146 3744 ovofiovleo‘orget
1159 3682 1231 3720 rur.

126 3764 178 3803 σαι
194 3744 315 3803 orditur
327 3747 505 3825 ap.1432‚
529 3754 557 3815 1·
578 3750 614 3807 ab
632 3749 665 3811 lx
683 3753 747 3810 τῶν
763 3743 1021 3829 παρεληλυθότων
1043 3757 1073 3807 et
1093 3746 1230 3835 pro'e'edit

125 3828 163 3886 ad
175 3851 205 3908 p-
222 3830 321 3905 1440,
339 3836 369 3896 7.
391 3829 478 3893 ἑλεῖν.
502 3833 637 3911 Denique
652 3835 772 3895 orditur
791 3857 808 3892 a
827 3857 856 3913 p.
873 3834 970 3910 1458,
987 3840 1017 3901 1:
1038 3828 1113 3895 o’lloi
1130 3855 1183 3912 μοι
1199 3843 1229 3891 et

67 3912 72 3919 ’
124 3914 168 3971 sic
194 3915 351 3974 continuat
371 3917 408 3975 ad
430 3898 529 3975 [inem.
551 3918 609 3977 llic
629 3929 675 3978 eat
697 3921 772 3979 ordo
792 3921 934 3995 Aldinae,
956 3940 1045 3998 quern
1060 3918 1153 3979 retuli
1168 3916 1229 3977 tute

123 3999 226 4056 uxoris
247 4021 345 4076 meae,
368 4023 443 4080 quae
468 4003 617 4063 variantes
634 4005 759 4064 Aldinae
777 4026 874 4065 meam
892 4005 1065 4085 ingratiam
1084 4003 1227 4063 enotavit.

123 4084 191 4141 Pari
205 4085 296 4143 niodo
310 4088 398 4144 etiam
416 4088 448 4145 in
459 4089 605 4148 Bavarieo
619 4092 845 4150 Prooerniornm
868 4091 943 4150 ordo
966 4100 1011 4149 eat
1022 4086 1248 4177 {conturbatio-⁸

124 4168 227 4241 simus,
242 4191 330 4247 quem
344 4170 395 4229 hic
409 4194 531 4250 ponam,
546 4187 636 4253 prout
650 4178 716 4256 ipse
729 4177 817 4237 illino
826 4176 952 4235 'enotavi
965 4176 997 4233 in
1012 4174 1139 4245 schedio.
1155 4176 1228 4235 Poet

123 4262 320 4333 ψηφιεῖσθαι,
329 4253 513 4337 dueoitaque
520 4261 606 4319 estin
618 4263 761 4322 Βατινίου
769 4282 897 4322 vacuum
905 4262 1066 4341 spatiolum
1075 4261 1167 4321 trium
1175 4269 1227 4321 aut

123 4348 254 4417 quotuor
272 4341 445 4407 literarum:
464 4354 526 4407 tum
542 4342 868 4431 1ιύσα(ιὶε)οὕδ1να,
890 4340 1038 4431 vitatote
1054 4338 1225 4429 ’4441ναῖ04

798 4610 805 4651 1
