2752 4754
518 175 894 247 auuorsrlouus
929 214 933 221 ν

249 822 1114 1003 ῥ111011110111

687 1066 758 1118 Η)
949 1166 956 1181 ⁸

349 1212 353 1219 ’
463 1201 984 1273 anadochum.
1108 1211 1193 1287 ,·

592 1396 596 1401 .
622 1382 830 1400 ἡ

262 1518 295 1581 r.
319 1508 409 1585 1491.
430 1517 857 1599 unos-nonnarum]
881 1517 1011 1579 erosos
1024 1514 1116 1577 amo
1136 1513 1275 1593 vulgus«-

178 1621 265 1680 111111,
287 1599 489 1684 Δημοσθένης
503 1607 541 1690 τῇ
556 1604 652 1688 βουλῇ
664 1603 717 1667 καὶ
728 1608 771 1690 τῷ
786 1598 873 1689 diano
891 1603 1022 1685 χαίρειν,
1045 1602 1096 1662 dat
1114 1600 1280 1665 bavaricus.

179 1687 281 1749 huno:
304 1683 388 1769 Πρδς
406 1682 462 1767 τήν
484 1685 599 1769 βουλήν
620 1687 673 1751 οιαὶ
691 1688 743 1752 τὸν
767 1691 866 1769 δῆμον
884 1693 945 1753 τοῖν
958 1683 1138 1767 Ἀθηναίων.
1166 1694 1198 1745 et
1212 1695 1279 1745 tum

180 1773 234 1834 illa
247 1774 311 1853 ipsa
323 1772 414 1833 verba
427 1772 516 1832 modo
530 1774 671 1850 recitata,
694 1793 768 1852 qaae
790 1774 824 1834 in
836 1775 969 1834 Parisino
990 1773 1116 1832 titulum
1131 1770 1280 1846 efficiunt,
1336 1834 1339 1840 ,

181 1879 239 1941 pro
251 1858 339 1919 initio
355 1857 498 1937 epistolae
513 1857 642 1918 exhibet.
663 1859 787 1919 Adscivi
802 1859 925 1920 titulum
932 1858 1071 1929 Bavarici
1087 1866 1117 1917 et
1135 1879 1150 1915 a
1169 1855 1280 1931 verbis,

184 1964 261 2025 quae
281 1943 314 2002 in
333 1942 425 2003 titulo
444 1944 570 2024 legenda
590 1944 711 2004 exhibet
736 1945 885 2020 Parisino,
913 1945 1010 2024 ipsam
1034 1942 1193 2022 epistolam
1214 1961 1283 2001 sum

184 2028 366 2108 auspicatus.
387 2048 485 2089 anisa.
502 2032 911 2092 4ΠΡΟΣ-ΑΘΗΝΑΙΩΝ
924 2028 1026 2088 omisit
1042 2028 1172 2089 Bekkeri
1191 2029 1283 2087 Bero-

184 2113 308 2175 linsnsis
324 2133 394 2172 cum
409 2113 614 2175 Dindorfiana.
624 2148 661 2161 -
683 2116 784 2194 Neque
798 2114 877 2193 hano
890 2114 1056 2192 Epistolam
1075 2134 1131 2193 pro
1156 2112 1285 2191 genuina

69 2214 72 2219 '
186 2197 393 2259 Demosthenis
404 2197 510 2260 habeo.
524 2200 703 2279 Quanquam
717 2200 873 2280 sophistae
885 2200 989 2259 stilum
1003 2200 1114 2267 referre
1127 2219 1191 2256 non
1202 2197 1286 2259 vide-

187 2292 249 2343 tur.
277 2283 395 2363 Scripta
411 2294 472 2364 est,
494 2286 552 2346 nisi
573 2287 680 2363 fallor,
704 2287 739 2345 ab
757 2285 878 2345 homine
899 2306 963 2355 non
990 2283 1185 2343 disertissimo
1192 2328 1204 2371 ρ
1236 2281 1288 2363 qui

188 2388 237 2431 aes
253 2367 482 2429 Atheniensium
495 2370 529 2431 in
543 2371 671 2431 concilio
682 2370 832 2439 sociorum
852 2370 984 2431 curabat.
1005 2389 1163 2430 scasaaca.
1201 2400 1204 2405 ·

273 2475 305 2534 P·
327 2474 419 2542 1491.
439 2497 470 2537 V.
493 2481 522 2542 1.
537 2466 663 2559 Ἦλθεν]
685 2477 806 2538 Scilicet
818 2497 834 2537 e
848 2475 998 2539 lhessslia
1013 2497 1030 2535 e
1043 2477 1150 2559 castris
1163 2489 1289 2557 nostro-

190 2559 311 2618 rumad
321 2558 461 2621 Lamiam.
481 2581 578 2622 numa.
786 2606 788 2611 -

276 2665 310 2724 Ρ.
334 2665 425 2731 1491.
446 2687 477 2729 V.
500 2675 529 2734 1.
550 2664 857 2749 τούς-συνέδρους]
879 2668 932 2747 qui
944 2668 1088 2729 videntur
1099 2669 1225 2750 Delphis
1239 2677 1292 2731 aut

194 2748 233 2809 ad
253 2748 340 2828 Pylas
360 2748 395 2808 in
418 2761 569 2812 conventu
590 2753 832 2833 amphictyonico
853 2755 977 2814 sedisse:
999 2755 1078 2814 unde
1101 2754 1155 2814 has
1174 2775 1291 2836 quoqne

196 2833 300 2895 literas
312 2835 524 2898 Demosthenes
544 2837 665 2898 videtur
680 2838 803 2899 dedisse.
824 2859 921 2900 asrsx.

279 2942 313 3001 Ρ.
335 2942 426 3007 1491.
447 2961 477 3001 V.
499 2948 529 3007 2.
552 2937 667 3025 οἷγαθοῖ]
689 2946 878 3027 nobisputa,
898 2945 979 3026 parti
1000 2954 1134 3024 nostrae,
1157 2947 1297 3007 Macedo-

197 3026 285 3087 nibus
301 3025 474 3086 adversanti
489 3037 519 3086 et
530 3027 660 3088 libertati
669 3030 850 3090 Graecorum
860 3031 1032 3091 asserendae
1046 3032 1190 3092 studenti.
1198 3052 1296 3092 aaut.

285 3135 319 3194 P·
344 3134 435 3199 1491·
456 3153 487 3193 v·
508 3139 539 3200 6.
560 3115 775 3216 ἆπο1ε1ιιονοα]
797 3136 832 3209 ld
847 3147 893 3198 est
903 3136 1082 3220 παρέχουσα.
1104 3159 1202 3199 aaran.

282 3241 315 3299 Ρ.
337 3239 430 3304 1491.
451 3258 479 3303 ν.
500 3244 531 3305 7.
552 3241 742 3322 Δείναρχον]
780 3242 947 3304 Dinarchus
973 3247 1053 3304 enim
1084 3245 1299 3307 Macedonibus

200 3324 339 3386 addictus
349 3332 415 3383 tum
427 3323 582 3403 Corinthi,
603 3329 685 3385 unde
698 3327 929 3407 aratoriundus,
951 3331 1113 3390 exsulabat.
1135 3350 1236 3394 amsa.

283 3433 316 3492 P.
338 3431 430 3497 1491.
449 3452 480 3494 V.
502 3436 532 3498 8.
553 3431 638 3512 οἵων]
661 3434 745 3508 οἵους
756 3454 857 3514 margo
870 3436 1050 3497 Lutatianae.
1069 3455 1171 3499 amsa.

285 3540 317 3599 P.
340 3539 431 3604 1491.
451 3559 481 3599 n.
505 3544 554 3605 10.
576 3532 814 3625 ἆαοστρέψειαν]
851 3540 1125 3627 [commutatatum]
1161 3543 1302 3604 Fortasse

202 3625 421 3709 προστρίψειαν
435 3624 492 3703 ¹vel
511 3623 661 3705 τρέψειαν.
691 3645 785 3686 wocr.
814 3626 901 3708 Vulg.
919 3627 1148 3713 προοτρέψοιαν.
1177 3628 1302 3711 προτρέ-

203 3726 297 3791 ψειαν
311 3706 482 3769 Bavari'cus.
504 3709 580 3768 Dedi
601 3709 638 3770 de
655 3730 720 3770 meo
743 3706 971 3810 α’ποοτρέψειαν.
995 3714 1102 3795 quales
1116 3735 1254 3773 rumores
1269 3718 1303 3775 in

205 3807 301 3875 caput
317 3815 421 3852 eorum
436 3791 632 3874 detorqueant
648 3793 705 3872 dit,
716 3795 742 3865 i.
758 3817 783 3857 e.
793 3797 905 3858 sacrant
922 3799 973 3877 dii,
989 3809 1024 3859 ut
1038 3809 1100 3858 tam
1116 3798 1191 3876 dira,
1214 3809 1304 3879 atque

205 3879 253 3940 illi
276 3880 313 3943 de
332 3878 420 3937 nobis
440 3899 562 3945 rumore
583 3878 742 3957 differunt,
774 3880 903 3966 deipsis
925 3882 1139 3967 praedicentur
1160 3884 1302 3969 invicem.

104 3968 106 3972 ‘
206 3981 302 4024 amsa.
323 3961 467 4047 τρέψειαν
480 3965 606 4027 Bekker.
628 3986 786 4027 somnus.

223 4114 225 4118 ι
291 4072 324 4129 P·
346 4071 437 4138 1491.
457 4093 488 4133 v.
506 4076 560 4141 ,10.
583 4065 780 4154 ἀφικομένου]
801 4094 923 4139 reverso
943 4095 960 4136 e
983 4075 1088 4138 casmis
1111 4074 1153 4137 ad
1170 4074 1308 4137 Lamiam

208 4151 269 4213 huc
285 4155 323 4213 ad
336 4158 391 4212 nos
405 4156 438 4215 in
449 4158 531 4238 Pylis
543 4168 671 4238 agentes.
690 4179 787 4221 aaran

293 4261 326 4320 Ρ.
350 4259 439 4327 1491.
462 4285 492 4326 v·
515 4270 565 4332 10.
583 4268 642 4372 Ιτοῦ
665 4263 928 4351 νῦν-φέροντος
951 4260 1131 4352 γράμματα]
1168 4271 1227 4330 cosi
1249 4270 1312 4330 νῦν
